Last Update,Coin,Ask L1 Price,Ask L2 Price,Ask L3 Price,Ask L4 Price,Ask L5 Price,Ask L6 Price,Ask L7 Price,Ask L8 Price,Ask L9 Price,Ask L10 Price,Ask L1 Size,Ask L2 Size,Ask L3 Size,Ask L4 Size,Ask L5 Size,Ask L6 Size,Ask L7 Size,Ask L8 Size,Ask L9 Size,Ask L10 Size,Ask L1 Cumulative BTC,Ask L2 Cumulative BTC,Ask L3 Cumulative BTC,Ask L4 Cumulative BTC,Ask L5 Cumulative BTC,Ask L6 Cumulative BTC,Ask L7 Cumulative BTC,Ask L8 Cumulative BTC,Ask L9 Cumulative BTC,Ask L10 Cumulative BTC,Bid L1 Price,Bid L2 Price,Bid L3 Price,Bid L4 Price,Bid L5 Price,Bid L6 Price,Bid L7 Price,Bid L8 Price,Bid L9 Price,Bid L10 Price,Bid L1 Size,Bid L2 Size,Bid L3 Size,Bid L4 Size,Bid L5 Size,Bid L6 Size,Bid L7 Size,Bid L8 Size,Bid L9 Size,Bid L10 Size,Bid L1 Cumulative BTC,Bid L2 Cumulative BTC,Bid L3 Cumulative BTC,Bid L4 Cumulative BTC,Bid L5 Cumulative BTC,Bid L6 Cumulative BTC,Bid L7 Cumulative BTC,Bid L8 Cumulative BTC,Bid L9 Cumulative BTC,Bid L10 Cumulative BTC,Mark Price,Oracle Price,Funding Rate,Open Interest,24h Volume,Trade Side,Trade Price,Trade Size
"1/11/2025, 10:50:36 AM",BTC,,,,,,,,,,,,,,,,,,,,,,,,,,,,,,,,,,,,,,,,,,,,,,,,,,,,,,,,,,,,,,,,,,Buy (Bid),94135.0,0.00035
"1/11/2025, 10:51:33 AM",BTC,94127.0,94129.0,94130.0,94131.0,94132.0,94133.0,94134.0,94135.0,94136.0,94138.0,4.00508,0.1001,0.79677,0.45979,0.77,0.37476,1.42503,2.32528,1.0623,0.95629,4.0051,4.1052,4.9020,5.3617,6.1317,6.5065,7.9315,10.2568,11.3191,12.2754,94126.0,94125.0,94124.0,94123.0,94122.0,94121.0,94120.0,94119.0,94118.0,94117.0,1.72711,0.1594,0.1594,0.53167,0.57508,0.13605,1.15883,1.46473,2.0364,1.07138,1.7271,1.8865,2.0459,2.5776,3.1527,3.2887,4.4475,5.9123,7.9487,9.0200,94124.0,94102.0,0.0000125,9804.04388,2373990570.41434097,,,
"1/11/2025, 10:51:33 AM",BTC,94127.0,94129.0,94130.0,94131.0,94132.0,94133.0,94134.0,94135.0,94136.0,94138.0,4.00508,0.1001,0.79677,0.45979,0.77,0.37476,1.42503,2.32528,1.0623,0.95629,4.0051,4.1052,4.9020,5.3617,6.1317,6.5065,7.9315,10.2568,11.3191,12.2754,94126.0,94125.0,94124.0,94123.0,94122.0,94121.0,94120.0,94119.0,94118.0,94117.0,1.72711,0.1594,0.1594,0.53167,0.57508,0.13605,1.15883,1.46473,2.0364,1.07138,1.7271,1.8865,2.0459,2.5776,3.1527,3.2887,4.4475,5.9123,7.9487,9.0200,94124.0,94102.0,0.0000125,9804.04388,2373990570.41434097,,,
"1/11/2025, 10:51:33 AM",BTC,94127.0,94129.0,94130.0,94131.0,94132.0,94133.0,94134.0,94135.0,94136.0,94138.0,4.00508,0.17448,0.79677,0.45979,0.77,0.37476,1.42503,2.32528,1.0623,0.95629,4.0051,4.1796,4.9763,5.4361,6.2061,6.5809,8.0059,10.3312,11.3935,12.3498,94126.0,94125.0,94124.0,94123.0,94122.0,94121.0,94120.0,94119.0,94118.0,94117.0,1.70598,0.1594,0.1594,0.53167,0.57508,0.13605,1.15883,1.46473,2.0364,1.07138,1.7060,1.8654,2.0248,2.5564,3.1315,3.2676,4.4264,5.8911,7.9275,8.9989,94124.0,94102.0,0.0000125,9804.04388,2373990570.41434097,,,
"1/11/2025, 10:51:34 AM",BTC,94127.0,94129.0,94130.0,94131.0,94133.0,94134.0,94135.0,94136.0,94138.0,94139.0,4.00508,0.06477,0.90648,0.24291,0.37476,1.42503,2.32528,1.0623,0.95629,0.23871,4.0051,4.0699,4.9763,5.2192,5.5940,7.0190,9.3443,10.4066,11.3629,11.6016,94126.0,94125.0,94124.0,94123.0,94122.0,94121.0,94120.0,94119.0,94118.0,94117.0,1.99998,0.1594,0.1594,0.53167,0.57508,0.13605,1.15883,1.46473,2.0364,1.07138,2.0000,2.1594,2.3188,2.8505,3.4255,3.5616,4.7204,6.1851,8.2215,9.2929,94124.0,94102.0,0.0000125,9804.04388,2373990570.41434097,,,
"1/11/2025, 10:51:35 AM",BTC,94127.0,94129.0,94130.0,94131.0,94132.0,94133.0,94134.0,94135.0,94136.0,94138.0,1.44588,0.13915,0.79677,0.24238,0.15939,0.37476,0.46036,2.32528,1.0623,1.65629,1.4459,1.5850,2.3818,2.6242,2.7836,3.1583,3.6187,5.9440,7.0063,8.6626,94126.0,94125.0,94124.0,94123.0,94122.0,94121.0,94120.0,94119.0,94118.0,94117.0,1.98085,0.1594,0.1594,0.53167,0.57508,0.13605,1.85883,1.46473,2.0364,1.07138,1.9808,2.1402,2.2996,2.8313,3.4064,3.5424,5.4013,6.8660,8.9024,9.9738,94124.0,94102.0,0.0000125,9804.04388,2373990570.41434097,,,
"1/11/2025, 10:51:35 AM",BTC,94127.0,94129.0,94130.0,94132.0,94133.0,94135.0,94136.0,94139.0,94140.0,94141.0,0.08632,0.13883,0.81786,0.08299,0.18487,1.43861,0.7,0.02183,0.79668,0.00053,0.0863,0.2252,1.0430,1.1260,1.3109,2.7495,3.4495,3.4713,4.2680,4.2685,94126.0,94125.0,94124.0,94123.0,94122.0,94121.0,94120.0,94119.0,94118.0,94117.0,5.36612,0.18065,0.37628,1.23167,0.57508,0.34287,0.99285,1.46473,2.13284,0.98494,5.3661,5.5468,5.9230,7.1547,7.7298,8.0727,9.0655,10.5303,12.6631,13.6480,94124.0,94102.0,0.0000125,9804.04388,2373990570.41434097,,,
"1/11/2025, 10:51:36 AM",BTC,94135.0,94138.0,94139.0,94140.0,94145.0,94147.0,94149.0,94150.0,94151.0,94153.0,0.60656,0.10007,0.0879,0.79668,1.21638,0.17921,0.51949,0.79755,0.00053,0.03533,0.6066,0.7066,0.7945,1.5912,2.8076,2.9868,3.5063,4.3038,4.3044,4.3397,94134.0,94133.0,94131.0,94130.0,94129.0,94128.0,94126.0,94125.0,94124.0,94123.0,2.1543,0.0425,0.04249,0.0425,0.52367,2.2819,9.55757,10.859,1.43858,0.53167,2.1543,2.1968,2.2393,2.2818,2.8055,5.0874,14.6449,25.5039,26.9425,27.4742,94124.0,94102.0,0.0000125,9804.04388,2373990570.41434097,,,
"1/11/2025, 10:51:36 AM",BTC,94135.0,94138.0,94139.0,94140.0,94145.0,94149.0,94150.0,94151.0,94152.0,94153.0,0.60656,0.10007,0.0879,0.79668,1.21638,0.51949,0.79755,0.00053,0.07436,0.03533,0.6066,0.7066,0.7945,1.5912,2.8076,3.3271,4.1246,4.1252,4.1995,4.2349,94134.0,94133.0,94132.0,94130.0,94129.0,94128.0,94127.0,94126.0,94125.0,94124.0,8.38669,0.15938,0.15939,0.42557,1.51413,0.95637,0.21136,6.20674,11.78427,0.22788,8.3867,8.5461,8.7055,9.1310,10.6452,11.6015,11.8129,18.0196,29.8039,30.0318,94124.0,94102.0,0.0000125,9804.04388,2373990570.41434097,,,
"1/11/2025, 10:51:37 AM",BTC,,,,,,,,,,,,,,,,,,,,,,,,,,,,,,,,,,,,,,,,,,,,,,,,,,,,,,,,,,,,,,,,,,Buy (Bid),94135.0,0.00016
"1/11/2025, 10:51:37 AM",BTC,94135.0,94138.0,94139.0,94140.0,94145.0,94149.0,94150.0,94152.0,94153.0,94154.0,0.6064,0.10007,0.0879,0.79668,1.21638,0.51949,0.79755,0.7,0.07436,0.20476,0.6064,0.7065,0.7944,1.5911,2.8074,3.3269,4.1245,4.8245,4.8988,5.1036,94134.0,94133.0,94132.0,94130.0,94129.0,94128.0,94126.0,94125.0,94124.0,94123.0,8.81755,0.15938,0.15939,0.42557,1.51413,0.95637,6.20674,11.78427,0.22788,1.14665,8.8176,8.9769,9.1363,9.5619,11.0760,12.0324,18.2391,30.0234,30.2513,31.3979,94124.0,94102.0,0.0000125,9804.0442,2373990585.49226093,,,
"1/11/2025, 10:51:37 AM",BTC,94135.0,94143.0,94144.0,94145.0,94149.0,94150.0,94155.0,94156.0,94158.0,94159.0,0.6064,0.09232,0.09023,1.21638,0.51949,0.79755,0.99151,0.19512,0.78644,0.15735,0.6064,0.6987,0.7890,2.0053,2.5248,3.3224,4.3139,4.5090,5.2954,5.4528,94134.0,94133.0,94132.0,94130.0,94129.0,94128.0,94127.0,94126.0,94125.0,94124.0,10.78246,0.15938,0.15939,0.42557,0.87361,0.95637,0.00109,4.19999,12.36802,0.34745,10.7825,10.9418,11.1012,11.5268,12.4004,13.3568,13.3579,17.5579,29.9259,30.2733,94124.0,94102.0,0.0000125,9804.0442,2373990585.49226093,,,
"1/11/2025, 10:51:38 AM",BTC,,,,,,,,,,,,,,,,,,,,,,,,,,,,,,,,,,,,,,,,,,,,,,,,,,,,,,,,,,,,,,,,,,Sell (Ask),94134.0,0.0007
"1/11/2025, 10:51:38 AM",BTC,,,,,,,,,,,,,,,,,,,,,,,,,,,,,,,,,,,,,,,,,,,,,,,,,,,,,,,,,,,,,,,,,,Buy (Bid),94135.0,0.12492
"1/11/2025, 10:51:38 AM",BTC,,,,,,,,,,,,,,,,,,,,,,,,,,,,,,,,,,,,,,,,,,,,,,,,,,,,,,,,,,,,,,,,,,Buy (Bid),94135.0,0.0036
"1/11/2025, 10:51:38 AM",BTC,,,,,,,,,,,,,,,,,,,,,,,,,,,,,,,,,,,,,,,,,,,,,,,,,,,,,,,,,,,,,,,,,,Buy (Bid),94135.0,0.11471
"1/11/2025, 10:51:38 AM",BTC,94135.0,94143.0,94144.0,94145.0,94149.0,94150.0,94155.0,94156.0,94158.0,94159.0,0.48148,0.09232,0.09023,0.41974,0.51949,0.79755,0.99151,0.19512,0.78644,0.15735,0.4815,0.5738,0.6640,1.0838,1.6033,2.4008,3.3923,3.5874,4.3739,4.5312,94134.0,94133.0,94132.0,94130.0,94129.0,94128.0,94127.0,94126.0,94125.0,94124.0,12.14152,0.15938,0.15939,0.42557,0.87361,0.95637,0.00109,3.19999,12.36802,0.45365,12.1415,12.3009,12.4603,12.8859,13.7595,14.7158,14.7169,17.9169,30.2849,30.7386,94124.0,94102.0,0.0000125,9804.29544,2374005766.13059092,,,
"1/11/2025, 10:51:38 AM",BTC,,,,,,,,,,,,,,,,,,,,,,,,,,,,,,,,,,,,,,,,,,,,,,,,,,,,,,,,,,,,,,,,,,Buy (Bid),94135.0,0.006
"1/11/2025, 10:51:38 AM",BTC,,,,,,,,,,,,,,,,,,,,,,,,,,,,,,,,,,,,,,,,,,,,,,,,,,,,,,,,,,,,,,,,,,Buy (Bid),94135.0,0.006
"1/11/2025, 10:51:38 AM",BTC,94135.0,94143.0,94144.0,94145.0,94149.0,94150.0,94155.0,94156.0,94158.0,94160.0,0.2713,0.09232,0.09023,0.41974,0.51949,0.79755,0.99151,0.19512,0.94379,0.95685,0.2713,0.3636,0.4538,0.8736,1.3931,2.1906,3.1821,3.3773,4.3210,5.2779,94134.0,94133.0,94132.0,94130.0,94129.0,94128.0,94127.0,94126.0,94125.0,94124.0,14.22136,0.15938,0.15939,0.42557,0.87361,0.95637,0.00109,3.19999,12.36802,0.45365,14.2214,14.3807,14.5401,14.9657,15.8393,16.7957,16.7968,19.9968,32.3648,32.8184,94124.0,94102.0,0.0000125,9804.52486,2374022230.27686119,,,
"1/11/2025, 10:51:39 AM",BTC,94135.0,94143.0,94144.0,94145.0,94149.0,94150.0,94155.0,94156.0,94158.0,94160.0,0.2713,0.09232,0.09023,0.41974,0.51949,0.79755,0.99151,0.19512,0.94379,0.95685,0.2713,0.3636,0.4538,0.8736,1.3931,2.1906,3.1821,3.3773,4.3210,5.2779,94134.0,94133.0,94132.0,94130.0,94129.0,94128.0,94127.0,94126.0,94125.0,94124.0,15.4154,0.15938,0.15939,0.42557,0.87361,0.95637,0.00109,3.19999,12.36802,0.45365,15.4154,15.5748,15.7342,16.1597,17.0333,17.9897,17.9908,21.1908,33.5588,34.0125,94135.0,94130.0,0.0000125,9804.52486,2374022230.27686119,,,
"1/11/2025, 10:51:39 AM",BTC,94135.0,94143.0,94144.0,94145.0,94149.0,94150.0,94155.0,94156.0,94158.0,94160.0,0.2713,0.09232,0.09023,0.41974,0.51949,0.79755,0.99151,0.19512,0.7,0.8805,0.2713,0.3636,0.4538,0.8736,1.3931,2.1906,3.1821,3.3773,4.0773,4.9578,94134.0,94133.0,94132.0,94130.0,94129.0,94128.0,94127.0,94126.0,94125.0,94124.0,15.90963,0.15938,0.15939,0.42557,0.87361,0.95637,0.2361,3.19999,12.36802,0.45365,15.9096,16.0690,16.2284,16.6540,17.5276,18.4839,18.7200,21.9200,34.2881,34.7417,94135.0,94130.0,0.0000125,9804.52486,2374022230.27686119,,,
"1/11/2025, 10:51:40 AM",BTC,,,,,,,,,,,,,,,,,,,,,,,,,,,,,,,,,,,,,,,,,,,,,,,,,,,,,,,,,,,,,,,,,,Buy (Bid),94135.0,0.03187
"1/11/2025, 10:51:40 AM",BTC,,,,,,,,,,,,,,,,,,,,,,,,,,,,,,,,,,,,,,,,,,,,,,,,,,,,,,,,,,,,,,,,,,Buy (Bid),94135.0,0.17493
"1/11/2025, 10:51:40 AM",BTC,,,,,,,,,,,,,,,,,,,,,,,,,,,,,,,,,,,,,,,,,,,,,,,,,,,,,,,,,,,,,,,,,,Buy (Bid),94135.0,0.0079
"1/11/2025, 10:51:40 AM",BTC,94135.0,94145.0,94147.0,94149.0,94150.0,94151.0,94155.0,94160.0,94161.0,94163.0,0.23943,0.41974,0.09387,0.51949,0.79755,0.19281,0.79655,0.79751,0.00053,0.49027,0.2394,0.6592,0.7530,1.2725,2.0701,2.2629,3.0594,3.8569,3.8575,4.3477,94134.0,94133.0,94132.0,94130.0,94129.0,94128.0,94127.0,94126.0,94125.0,94124.0,15.80071,0.15938,0.38259,0.42557,1.90761,0.99817,0.74855,5.31461,14.30815,0.33408,15.8007,15.9601,16.3427,16.7683,18.6759,19.6740,20.4226,25.7372,40.0453,40.3794,94135.0,94130.0,0.0000125,9804.52486,2374025233.61005116,,,
"1/11/2025, 10:51:40 AM",BTC,,,,,,,,,,,,,,,,,,,,,,,,,,,,,,,,,,,,,,,,,,,,,,,,,,,,,,,,,,,,,,,,,,Buy (Bid),94135.0,0.00669
"1/11/2025, 10:51:41 AM",BTC,,,,,,,,,,,,,,,,,,,,,,,,,,,,,,,,,,,,,,,,,,,,,,,,,,,,,,,,,,,,,,,,,,Buy (Bid),94135.0,0.006
"1/11/2025, 10:51:41 AM",BTC,,,,,,,,,,,,,,,,,,,,,,,,,,,,,,,,,,,,,,,,,,,,,,,,,,,,,,,,,,,,,,,,,,Buy (Bid),94135.0,0.03521
"1/11/2025, 10:51:41 AM",BTC,94135.0,94145.0,94149.0,94150.0,94151.0,94155.0,94160.0,94161.0,94163.0,94164.0,0.04121,0.41974,0.51949,0.79755,0.19281,0.79655,0.79751,0.00053,0.49027,0.78317,0.0412,0.4609,0.9804,1.7780,1.9708,2.7673,3.5649,3.5654,4.0557,4.8388,94134.0,94133.0,94132.0,94130.0,94129.0,94128.0,94127.0,94126.0,94125.0,94124.0,14.78547,0.15938,1.18259,0.42557,1.90761,1.21511,0.6344,5.31461,14.30815,0.33408,14.7855,14.9449,16.1274,16.5530,18.4606,19.6757,20.3101,25.6247,39.9329,40.2670,94135.0,94134.0,0.0000125,9804.9079,2374047796.77496099,,,
"1/11/2025, 10:51:41 AM",BTC,94145.0,94149.0,94150.0,94151.0,94155.0,94160.0,94161.0,94163.0,94164.0,94170.0,0.41974,0.51949,0.79755,0.19281,0.79655,0.79751,0.00053,0.49027,0.08317,0.16032,0.4197,0.9392,1.7368,1.9296,2.7261,3.5236,3.5242,4.0145,4.0976,4.2579,94144.0,94141.0,94135.0,94134.0,94133.0,94132.0,94130.0,94129.0,94128.0,94127.0,3.07167,1.0623,0.00999,13.52427,0.15938,1.18259,0.42557,1.90761,1.21511,0.51354,3.0717,4.1340,4.1440,17.6682,17.8276,19.0102,19.4358,21.3434,22.5585,23.0720,94135.0,94134.0,0.0000125,9804.9079,2374047796.77496099,,,
"1/11/2025, 10:51:42 AM",BTC,94145.0,94149.0,94150.0,94151.0,94155.0,94160.0,94161.0,94163.0,94164.0,94165.0,0.41974,0.51949,0.79755,0.19281,0.79655,0.79751,0.70053,0.49027,0.08317,0.07435,0.4197,0.9392,1.7368,1.9296,2.7261,3.5236,4.2242,4.7144,4.7976,4.8720,94144.0,94142.0,94141.0,94140.0,94137.0,94136.0,94135.0,94134.0,94132.0,94130.0,9.30277,0.15937,1.22167,0.42553,1.30212,0.00109,1.00999,8.56636,1.0232,0.00053,9.3028,9.4621,10.6838,11.1093,12.4115,12.4126,13.4225,21.9889,23.0121,23.0126,94135.0,94134.0,0.0000125,9804.9079,2374047796.77496099,,,
"1/11/2025, 10:51:42 AM",BTC,94145.0,94149.0,94150.0,94151.0,94155.0,94160.0,94161.0,94162.0,94163.0,94164.0,0.41974,0.51949,0.79755,0.19281,0.79655,0.79751,0.00053,0.12177,0.45149,0.00018,0.4197,0.9392,1.7368,1.9296,2.7261,3.5236,3.5242,3.6460,4.0974,4.0976,94144.0,94142.0,94141.0,94140.0,94137.0,94136.0,94135.0,94134.0,94132.0,94130.0,9.24459,0.15937,1.22167,0.42553,1.30212,0.00109,1.00999,8.55905,1.0232,0.00053,9.2446,9.4040,10.6256,11.0512,12.3533,12.3544,13.3644,21.9234,22.9466,22.9471,94135.0,94134.0,0.0000125,9804.9079,2374047796.77496099,,,
"1/11/2025, 10:51:43 AM",BTC,94145.0,94149.0,94150.0,94156.0,94157.0,94160.0,94163.0,94164.0,94165.0,94169.0,0.41974,0.51949,0.00095,0.09381,0.09686,0.79751,0.19421,0.00018,0.79647,0.08299,0.4197,0.9392,0.9402,1.0340,1.1308,1.9284,2.1226,2.1227,2.9192,3.0022,94144.0,94142.0,94141.0,94140.0,94138.0,94137.0,94136.0,94135.0,94134.0,94132.0,11.37811,0.15937,1.23204,1.00928,0.11827,1.41185,0.00109,0.00999,6.55247,0.9181,11.3781,11.5375,12.7695,13.7788,13.8971,15.3089,15.3100,15.3200,21.8725,22.7906,94135.0,94134.0,0.0000125,9804.9079,2374047796.77496099,,,
"1/11/2025, 10:51:43 AM",BTC,,,,,,,,,,,,,,,,,,,,,,,,,,,,,,,,,,,,,,,,,,,,,,,,,,,,,,,,,,,,,,,,,,Buy (Bid),94145.0,0.41974
"1/11/2025, 10:51:43 AM",BTC,,,,,,,,,,,,,,,,,,,,,,,,,,,,,,,,,,,,,,,,,,,,,,,,,,,,,,,,,,,,,,,,,,Buy (Bid),94149.0,0.011
"1/11/2025, 10:51:43 AM",BTC,94149.0,94150.0,94159.0,94160.0,94164.0,94165.0,94170.0,94173.0,94174.0,94175.0,0.45237,0.00095,0.08712,0.79751,0.19484,0.79647,0.79743,0.7,0.39804,0.05658,0.4524,0.4533,0.5404,1.3380,1.5328,2.3293,3.1267,3.8267,4.2247,4.2813,94144.0,94143.0,94142.0,94141.0,94140.0,94138.0,94137.0,94135.0,94134.0,94132.0,25.72738,0.00109,0.15937,3.69018,1.12149,0.11827,1.41185,0.21131,6.48023,0.79675,25.7274,25.7285,25.8878,29.5780,30.6995,30.8178,32.2296,32.4409,38.9212,39.7179,94135.0,94134.0,0.0000125,9804.90112,2374098860.03578091,,,
"1/11/2025, 10:51:44 AM",BTC,,,,,,,,,,,,,,,,,,,,,,,,,,,,,,,,,,,,,,,,,,,,,,,,,,,,,,,,,,,,,,,,,,Buy (Bid),94149.0,0.013
"1/11/2025, 10:51:44 AM",BTC,94149.0,94150.0,94160.0,94163.0,94164.0,94165.0,94170.0,94173.0,94175.0,94176.0,0.35316,0.00095,0.79751,0.00106,0.19484,0.79647,0.79743,0.7,0.05658,0.15733,0.3532,0.3541,1.1516,1.1527,1.3475,2.1440,2.9414,3.6414,3.6980,3.8553,94148.0,94147.0,94146.0,94145.0,94144.0,94143.0,94142.0,94141.0,94140.0,94139.0,8.08189,1.34687,0.57751,0.99141,22.67263,0.00109,0.8,2.36464,0.58428,0.21236,8.0819,9.4288,10.0063,10.9977,33.6703,33.6714,34.4714,36.8360,37.4203,37.6327,94144.0,94139.0,0.0000125,9804.96354,2374103026.25355101,,,
"1/11/2025, 10:51:44 AM",BTC,,,,,,,,,,,,,,,,,,,,,,,,,,,,,,,,,,,,,,,,,,,,,,,,,,,,,,,,,,,,,,,,,,Buy (Bid),94149.0,0.04029
"1/11/2025, 10:51:44 AM",BTC,94149.0,94150.0,94160.0,94163.0,94164.0,94165.0,94170.0,94173.0,94175.0,94176.0,0.31287,0.00095,0.79751,0.00106,0.19484,0.79647,0.79743,0.7,0.05658,0.24377,0.3129,0.3138,1.1113,1.1124,1.3072,2.1037,2.9011,3.6011,3.6577,3.9015,94148.0,94147.0,94146.0,94145.0,94144.0,94143.0,94142.0,94141.0,94140.0,94139.0,11.68561,1.34687,0.15936,0.68862,19.8198,0.00109,0.8,2.36464,0.58428,0.24357,11.6856,13.0325,13.1918,13.8805,33.7003,33.7013,34.5013,36.8660,37.4503,37.6938,94144.0,94139.0,0.0000125,9804.96354,2374106823.06228113,,,
"1/11/2025, 10:51:45 AM",BTC,,,,,,,,,,,,,,,,,,,,,,,,,,,,,,,,,,,,,,,,,,,,,,,,,,,,,,,,,,,,,,,,,,Buy (Bid),94149.0,0.03121
"1/11/2025, 10:51:45 AM",BTC,94149.0,94150.0,94160.0,94163.0,94164.0,94165.0,94170.0,94173.0,94175.0,94176.0,0.28166,0.00095,0.79751,0.00106,0.19484,0.79647,0.79743,0.7,0.13957,0.16078,0.2817,0.2826,1.0801,1.0812,1.2760,2.0725,2.8699,3.5699,3.7095,3.8703,94148.0,94147.0,94146.0,94145.0,94144.0,94143.0,94142.0,94141.0,94140.0,94139.0,11.75908,1.34687,0.15936,0.68862,19.8198,0.00109,0.8,2.36464,0.58428,0.24357,11.7591,13.1059,13.2653,13.9539,33.7737,33.7748,34.5748,36.9395,37.5237,37.7673,94144.0,94139.0,0.0000125,9805.02596,2374109764.1990509,,,
"1/11/2025, 10:51:45 AM",BTC,94149.0,94150.0,94160.0,94163.0,94164.0,94165.0,94170.0,94173.0,94174.0,94175.0,0.28166,0.00095,0.79751,0.00106,0.19484,0.79647,0.79743,0.7,0.03533,0.10424,0.2817,0.2826,1.0801,1.0812,1.2760,2.0725,2.8699,3.5699,3.6052,3.7095,94148.0,94147.0,94146.0,94145.0,94144.0,94143.0,94142.0,94141.0,94140.0,94139.0,13.02347,1.34687,0.15936,0.68862,19.94804,0.00109,0.8,2.36464,0.58428,0.21236,13.0235,14.3703,14.5297,15.2183,35.1664,35.1674,35.9674,38.3321,38.9164,39.1287,94149.0,94153.0,0.0000125,9805.02596,2374109764.1990509,,,
"1/11/2025, 10:51:46 AM",BTC,94149.0,94150.0,94160.0,94163.0,94164.0,94165.0,94170.0,94173.0,94174.0,94175.0,0.28166,0.00095,0.79751,0.00106,0.19484,0.79647,0.79743,0.7,0.03533,0.10424,0.2817,0.2826,1.0801,1.0812,1.2760,2.0725,2.8699,3.5699,3.6052,3.7095,94148.0,94147.0,94146.0,94145.0,94144.0,94143.0,94142.0,94141.0,94140.0,94139.0,13.14258,1.34687,0.15936,0.79583,19.94804,0.00109,0.8,2.30564,0.58428,0.21236,13.1426,14.4895,14.6488,15.4446,35.3927,35.3938,36.1938,38.4994,39.0837,39.2960,94149.0,94153.0,0.0000125,9805.02596,2374109764.1990509,,,
"1/11/2025, 10:51:46 AM",BTC,94149.0,94150.0,94160.0,94163.0,94164.0,94165.0,94170.0,94174.0,94175.0,94176.0,0.28166,0.00095,0.79751,0.00106,0.19484,0.79647,0.79743,0.11832,0.02125,0.16078,0.2817,0.2826,1.0801,1.0812,1.2760,2.0725,2.8699,2.9882,3.0095,3.1703,94148.0,94147.0,94146.0,94145.0,94144.0,94143.0,94142.0,94141.0,94140.0,94139.0,13.22929,1.86041,0.15936,0.80149,20.23833,0.00109,0.8,2.30564,0.58428,0.21236,13.2293,15.0897,15.2491,16.0506,36.2889,36.2900,37.0900,39.3956,39.9799,40.1922,94149.0,94153.0,0.0000125,9805.02596,2374109764.1990509,,,
"1/11/2025, 10:51:47 AM",BTC,94149.0,94150.0,94160.0,94163.0,94164.0,94165.0,94170.0,94172.0,94174.0,94175.0,0.28166,0.00095,0.79751,0.00106,0.19484,0.79647,0.79743,0.7,0.19266,0.02125,0.2817,0.2826,1.0801,1.0812,1.2760,2.0725,2.8699,3.5699,3.7626,3.7838,94148.0,94147.0,94146.0,94145.0,94144.0,94143.0,94142.0,94141.0,94140.0,94139.0,13.12134,1.86041,0.15936,0.80149,20.23833,0.00109,0.8,2.30564,0.58428,0.21236,13.1213,14.9817,15.1411,15.9426,36.1809,36.1820,36.9820,39.2877,39.8719,40.0843,94149.0,94153.0,0.0000125,9805.02596,2374109764.1990509,,,
"1/11/2025, 10:51:48 AM",BTC,,,,,,,,,,,,,,,,,,,,,,,,,,,,,,,,,,,,,,,,,,,,,,,,,,,,,,,,,,,,,,,,,,Sell (Ask),94148.0,0.05
"1/11/2025, 10:51:48 AM",BTC,94149.0,94150.0,94160.0,94163.0,94164.0,94165.0,94170.0,94172.0,94174.0,94175.0,0.28166,0.00095,0.79751,0.00106,0.19484,0.79647,0.79743,0.7,0.19266,0.02125,0.2817,0.2826,1.0801,1.0812,1.2760,2.0725,2.8699,3.5699,3.7626,3.7838,94148.0,94147.0,94146.0,94145.0,94144.0,94143.0,94142.0,94141.0,94140.0,94139.0,13.17929,1.86041,0.15936,0.80149,20.23833,0.00109,0.8,2.30564,0.58428,0.21236,13.1793,15.0397,15.1991,16.0006,36.2389,36.2400,37.0400,39.3456,39.9299,40.1422,94149.0,94153.0,0.0000125,9805.12596,2374114476.04905081,,,
"1/11/2025, 10:51:48 AM",BTC,,,,,,,,,,,,,,,,,,,,,,,,,,,,,,,,,,,,,,,,,,,,,,,,,,,,,,,,,,,,,,,,,,Buy (Bid),94149.0,0.04025
"1/11/2025, 10:51:48 AM",BTC,94149.0,94150.0,94160.0,94163.0,94164.0,94165.0,94170.0,94171.0,94172.0,94174.0,0.28166,0.00095,0.79751,0.00106,0.19484,0.79647,0.79743,0.00053,0.7,0.19266,0.2817,0.2826,1.0801,1.0812,1.2760,2.0725,2.8699,2.8704,3.5705,3.7631,94148.0,94147.0,94146.0,94145.0,94144.0,94143.0,94142.0,94141.0,94140.0,94139.0,13.18991,1.86041,0.15936,0.80149,20.45087,0.00109,0.8,2.30564,0.58428,0.21236,13.1899,15.0503,15.2097,16.0112,36.4620,36.4631,37.2631,39.5688,40.1530,40.3654,94149.0,94153.0,0.0000125,9805.12596,2374114476.04905081,,,
"1/11/2025, 10:51:49 AM",BTC,,,,,,,,,,,,,,,,,,,,,,,,,,,,,,,,,,,,,,,,,,,,,,,,,,,,,,,,,,,,,,,,,,Buy (Bid),94149.0,0.02681
"1/11/2025, 10:51:49 AM",BTC,,,,,,,,,,,,,,,,,,,,,,,,,,,,,,,,,,,,,,,,,,,,,,,,,,,,,,,,,,,,,,,,,,Sell (Ask),94148.0,0.00059
"1/11/2025, 10:51:49 AM",BTC,94149.0,94150.0,94160.0,94163.0,94164.0,94165.0,94170.0,94171.0,94172.0,94173.0,0.2146,0.00095,0.79751,0.00106,0.19484,0.79647,0.79743,0.00053,0.7,0.11832,0.2146,0.2156,1.0131,1.0141,1.2090,2.0054,2.8029,2.8034,3.5034,3.6217,94148.0,94147.0,94146.0,94145.0,94144.0,94143.0,94142.0,94141.0,94140.0,94139.0,13.05357,1.86041,0.15936,0.80149,20.45087,0.00109,0.8,2.30564,0.58428,0.21236,13.0536,14.9140,15.0733,15.8748,36.3257,36.3268,37.1268,39.4324,40.0167,40.2291,94148.0,94153.0,0.0000125,9805.20646,2374120795.58227062,,,
"1/11/2025, 10:51:49 AM",BTC,94149.0,94150.0,94160.0,94163.0,94164.0,94165.0,94169.0,94170.0,94171.0,94173.0,0.2146,0.00095,0.79751,0.00106,0.19484,0.79647,0.7,0.79743,0.00053,0.11832,0.2146,0.2156,1.0131,1.0141,1.2090,2.0054,2.7054,3.5029,3.5034,3.6217,94148.0,94147.0,94146.0,94145.0,94144.0,94143.0,94142.0,94141.0,94140.0,94139.0,12.20341,1.86041,0.15936,0.80149,20.45087,0.00109,0.8,2.30564,1.58428,0.21236,12.2034,14.0638,14.2232,15.0247,35.4755,35.4766,36.2766,38.5823,40.1665,40.3789,94148.0,94153.0,0.0000125,9805.20646,2374120851.18210077,,,
"1/11/2025, 10:51:50 AM",BTC,94149.0,94150.0,94160.0,94163.0,94164.0,94165.0,94169.0,94170.0,94171.0,94173.0,0.2146,0.00095,0.79751,0.00106,0.19484,0.79647,0.7,0.79743,0.00053,0.11832,0.2146,0.2156,1.0131,1.0141,1.2090,2.0054,2.7054,3.5029,3.5034,3.6217,94148.0,94147.0,94146.0,94145.0,94144.0,94143.0,94142.0,94141.0,94140.0,94139.0,12.10947,1.86041,0.15936,0.80149,20.45087,0.00109,0.8,2.30564,1.58428,0.21236,12.1095,13.9699,14.1292,14.9307,35.3816,35.3827,36.1827,38.4883,40.0726,40.2850,94148.0,94153.0,0.0000125,9805.20646,2374120851.18210077,,,
"1/11/2025, 10:51:51 AM",BTC,,,,,,,,,,,,,,,,,,,,,,,,,,,,,,,,,,,,,,,,,,,,,,,,,,,,,,,,,,,,,,,,,,Buy (Bid),94149.0,0.011
"1/11/2025, 10:51:51 AM",BTC,,,,,,,,,,,,,,,,,,,,,,,,,,,,,,,,,,,,,,,,,,,,,,,,,,,,,,,,,,,,,,,,,,Buy (Bid),94149.0,0.011
"1/11/2025, 10:51:51 AM",BTC,94149.0,94150.0,94160.0,94163.0,94164.0,94165.0,94169.0,94170.0,94173.0,94174.0,0.2146,0.00095,0.79751,0.00106,0.19484,0.79647,0.7,0.79743,0.08299,0.03533,0.2146,0.2156,1.0131,1.0141,1.2090,2.0054,2.7054,3.5029,3.5859,3.6212,94148.0,94147.0,94146.0,94145.0,94144.0,94143.0,94142.0,94141.0,94140.0,94139.0,12.21567,1.86041,0.15936,0.80149,20.45087,0.00109,0.8,3.26188,1.58428,0.31646,12.2157,14.0761,14.2354,15.0369,35.4878,35.4889,36.2889,39.5508,41.1350,41.4515,94148.0,94153.0,0.0000125,9805.20646,2374120851.18210077,,,
"1/11/2025, 10:51:51 AM",BTC,94149.0,94150.0,94160.0,94163.0,94164.0,94165.0,94170.0,94172.0,94174.0,94175.0,0.1046,0.00095,0.79751,0.00106,0.19484,0.79647,0.79743,0.08299,0.03533,0.18203,0.1046,0.1056,0.9031,0.9041,1.0990,1.8954,2.6929,2.7759,2.8112,2.9932,94148.0,94147.0,94146.0,94145.0,94144.0,94143.0,94142.0,94141.0,94140.0,94139.0,13.13246,1.86041,0.15936,0.68445,20.45087,0.00109,0.8,3.26188,0.58428,0.31646,13.1325,14.9929,15.1522,15.8367,36.2875,36.2886,37.0886,40.3505,40.9348,41.2513,94148.0,94153.0,0.0000125,9805.20646,2374131217.25210094,,,
"1/11/2025, 10:51:52 AM",BTC,94149.0,94150.0,94160.0,94163.0,94164.0,94165.0,94170.0,94172.0,94174.0,94175.0,0.1046,0.00095,0.79751,0.00106,0.19484,0.79647,0.79743,0.08299,0.03533,0.10769,0.1046,0.1056,0.9031,0.9041,1.0990,1.8954,2.6929,2.7759,2.8112,2.9189,94148.0,94147.0,94146.0,94145.0,94144.0,94143.0,94142.0,94141.0,94140.0,94139.0,13.22804,1.86041,0.15936,0.68445,20.45087,0.00109,0.8,3.26188,0.58428,0.31646,13.2280,15.0884,15.2478,15.9323,36.3831,36.3842,37.1842,40.4461,41.0304,41.3468,94149.0,94153.0,0.0000125,9805.20646,2374131217.25210094,,,
"1/11/2025, 10:51:52 AM",BTC,,,,,,,,,,,,,,,,,,,,,,,,,,,,,,,,,,,,,,,,,,,,,,,,,,,,,,,,,,,,,,,,,,Buy (Bid),94149.0,0.02677
"1/11/2025, 10:51:53 AM",BTC,,,,,,,,,,,,,,,,,,,,,,,,,,,,,,,,,,,,,,,,,,,,,,,,,,,,,,,,,,,,,,,,,,Buy (Bid),94149.0,0.00442
"1/11/2025, 10:51:52 AM",BTC,94149.0,94150.0,94160.0,94163.0,94164.0,94165.0,94170.0,94172.0,94174.0,94175.0,0.1046,0.00095,0.79751,0.00106,0.19484,0.79647,0.79743,0.08299,0.73533,0.267,0.1046,0.1056,0.9031,0.9041,1.0990,1.8954,2.6929,2.7759,3.5112,3.7782,94148.0,94147.0,94146.0,94145.0,94144.0,94143.0,94142.0,94141.0,94140.0,94139.0,13.10947,1.86041,0.15936,0.68445,20.40839,0.00109,0.8,1.3915,0.58428,0.42008,13.1095,14.9699,15.1292,15.8137,36.2221,36.2232,37.0232,38.4147,38.9989,39.4190,94149.0,94153.0,0.0000125,9805.26,2374133739.97659111,,,
"1/11/2025, 10:51:53 AM",BTC,,,,,,,,,,,,,,,,,,,,,,,,,,,,,,,,,,,,,,,,,,,,,,,,,,,,,,,,,,,,,,,,,,Buy (Bid),94149.0,0.00057
"1/11/2025, 10:51:53 AM",BTC,94149.0,94150.0,94160.0,94163.0,94164.0,94165.0,94170.0,94171.0,94172.0,94174.0,0.07284,0.00095,0.79751,0.00106,0.19484,0.79647,0.79743,0.00053,0.08299,0.89464,0.0728,0.0738,0.8713,0.8724,1.0672,1.8637,2.6611,2.6616,2.7446,3.6393,94148.0,94147.0,94146.0,94145.0,94144.0,94143.0,94142.0,94141.0,94140.0,94139.0,13.22629,1.86041,0.15936,0.57428,20.40839,0.00109,0.8,3.23986,0.58428,0.42008,13.2263,15.0867,15.2461,15.8203,36.2287,36.2298,37.0298,40.2697,40.8540,41.2740,94149.0,94153.0,0.0000125,9805.26,2374134210.21922112,,,
"1/11/2025, 10:51:54 AM",BTC,94149.0,94150.0,94160.0,94163.0,94164.0,94165.0,94170.0,94171.0,94173.0,94174.0,0.07284,0.00095,0.79751,0.00106,0.19484,0.79647,0.79743,0.08352,0.10968,0.7,0.0728,0.0738,0.8713,0.8724,1.0672,1.8637,2.6611,2.7446,2.8543,3.5543,94148.0,94147.0,94146.0,94145.0,94144.0,94143.0,94142.0,94141.0,94140.0,94139.0,13.16257,1.86041,0.15936,0.57428,20.40839,0.00109,0.8,3.23986,0.58428,0.42008,13.1626,15.0230,15.1823,15.7566,36.1650,36.1661,36.9661,40.2060,40.7902,41.2103,94149.0,94153.0,0.0000125,9805.26,2374134210.21922112,,,
"1/11/2025, 10:51:54 AM",BTC,,,,,,,,,,,,,,,,,,,,,,,,,,,,,,,,,,,,,,,,,,,,,,,,,,,,,,,,,,,,,,,,,,Buy (Bid),94149.0,0.00336
"1/11/2025, 10:51:54 AM",BTC,94149.0,94150.0,94160.0,94163.0,94164.0,94165.0,94170.0,94171.0,94173.0,94174.0,0.06948,0.00095,0.79751,0.00106,0.19484,0.79647,0.79743,0.08352,0.03533,0.77434,0.0695,0.0704,0.8679,0.8690,1.0638,1.8603,2.6577,2.7413,2.7766,3.5509,94148.0,94147.0,94146.0,94145.0,94144.0,94143.0,94142.0,94141.0,94140.0,94139.0,13.19978,1.86041,0.15936,0.57428,20.40839,0.00109,0.8,3.23986,0.58428,0.42008,13.1998,15.0602,15.2195,15.7938,36.2022,36.2033,37.0033,40.2432,40.8274,41.2475,94149.0,94153.0,0.0000125,9805.26,2374134526.85554123,,,
"1/11/2025, 10:51:55 AM",BTC,,,,,,,,,,,,,,,,,,,,,,,,,,,,,,,,,,,,,,,,,,,,,,,,,,,,,,,,,,,,,,,,,,Buy (Bid),94149.0,0.02124
"1/11/2025, 10:51:55 AM",BTC,94149.0,94150.0,94160.0,94163.0,94164.0,94165.0,94170.0,94171.0,94173.0,94174.0,0.06948,0.00095,0.79751,0.00106,0.19484,0.79647,0.79743,0.08352,0.10968,0.7,0.0695,0.0704,0.8679,0.8690,1.0638,1.8603,2.6577,2.7413,2.8509,3.5509,94148.0,94147.0,94146.0,94145.0,94144.0,94143.0,94142.0,94141.0,94140.0,94139.0,13.13431,1.86041,0.15936,0.57428,20.40839,0.00109,0.8,3.23986,0.58428,0.42008,13.1343,14.9947,15.1541,15.7284,36.1367,36.1378,36.9378,40.1777,40.7620,41.1821,94149.0,94153.0,0.0000125,9805.26,2374134526.85554123,,,
"1/11/2025, 10:51:55 AM",BTC,,,,,,,,,,,,,,,,,,,,,,,,,,,,,,,,,,,,,,,,,,,,,,,,,,,,,,,,,,,,,,,,,,Buy (Bid),94149.0,0.0146
"1/11/2025, 10:51:55 AM",BTC,,,,,,,,,,,,,,,,,,,,,,,,,,,,,,,,,,,,,,,,,,,,,,,,,,,,,,,,,,,,,,,,,,Buy (Bid),94149.0,0.0128
"1/11/2025, 10:51:56 AM",BTC,,,,,,,,,,,,,,,,,,,,,,,,,,,,,,,,,,,,,,,,,,,,,,,,,,,,,,,,,,,,,,,,,,Sell (Ask),94159.0,0.00035
"1/11/2025, 10:51:55 AM",BTC,94160.0,94163.0,94164.0,94165.0,94170.0,94171.0,94173.0,94174.0,94175.0,94176.0,0.79101,0.00106,0.19484,0.79647,0.79743,0.08352,0.10968,0.7,0.267,0.2008,0.7910,0.7921,0.9869,1.7834,2.5808,2.6643,2.7740,3.4740,3.7410,3.9418,94148.0,94147.0,94146.0,94145.0,94144.0,94143.0,94142.0,94141.0,94140.0,94139.0,13.15555,1.86041,0.15936,0.57428,20.40839,0.00109,0.8,3.23986,0.58428,0.42008,13.1555,15.0160,15.1753,15.7496,36.1580,36.1591,36.9591,40.1989,40.7832,41.2033,94149.0,94153.0,0.0000125,9805.249,2374141776.50795174,,,
"1/11/2025, 10:51:56 AM",BTC,,,,,,,,,,,,,,,,,,,,,,,,,,,,,,,,,,,,,,,,,,,,,,,,,,,,,,,,,,,,,,,,,,Buy (Bid),94160.0,0.02084
"1/11/2025, 10:51:56 AM",BTC,,,,,,,,,,,,,,,,,,,,,,,,,,,,,,,,,,,,,,,,,,,,,,,,,,,,,,,,,,,,,,,,,,Buy (Bid),94160.0,0.02084
"1/11/2025, 10:51:56 AM",BTC,94160.0,94163.0,94164.0,94165.0,94167.0,94170.0,94171.0,94173.0,94174.0,94175.0,1.47043,0.00106,0.19484,0.79647,0.02109,0.88042,0.00053,0.10968,0.7,0.267,1.4704,1.4715,1.6663,2.4628,2.4839,3.3643,3.3648,3.4745,4.1745,4.4415,94159.0,94158.0,94157.0,94155.0,94154.0,94153.0,94152.0,94151.0,94150.0,94149.0,3.47076,0.46871,0.22687,1.06389,0.142,0.98167,1.69977,0.922,0.00053,1.97236,3.4708,3.9395,4.1663,5.2302,5.3722,6.3539,8.0537,8.9757,8.9762,10.9486,94149.0,94153.0,0.0000125,9805.16006,2374146033.19324207,,,
"1/11/2025, 10:51:56 AM",BTC,94160.0,94163.0,94164.0,94165.0,94167.0,94170.0,94171.0,94173.0,94174.0,94175.0,1.40477,0.00106,0.19484,0.79647,0.02109,0.88042,0.00053,0.03533,0.77434,0.10769,1.4048,1.4058,1.6007,2.3971,2.4182,3.2987,3.2992,3.3345,4.1089,4.2165,94159.0,94158.0,94157.0,94156.0,94155.0,94154.0,94153.0,94152.0,94151.0,94150.0,5.76557,0.32154,0.57271,0.15934,1.44818,0.142,0.98167,0.42494,0.933,0.00784,5.7656,6.0871,6.6598,6.8192,8.2673,8.4093,9.3910,9.8159,10.7489,10.7568,94149.0,94153.0,0.0000125,9805.11838,2374147997.09232187,,,
"1/11/2025, 10:51:57 AM",BTC,,,,,,,,,,,,,,,,,,,,,,,,,,,,,,,,,,,,,,,,,,,,,,,,,,,,,,,,,,,,,,,,,,Buy (Bid),94160.0,0.03186
"1/11/2025, 10:51:57 AM",BTC,94160.0,94163.0,94164.0,94165.0,94167.0,94170.0,94171.0,94173.0,94174.0,94175.0,1.37291,0.00106,0.19484,0.79647,0.02109,0.88042,0.00053,0.03533,0.77434,0.267,1.3729,1.3740,1.5688,2.3653,2.3864,3.2668,3.2673,3.3027,4.0770,4.3440,94159.0,94158.0,94157.0,94156.0,94155.0,94154.0,94153.0,94152.0,94151.0,94150.0,5.83729,0.32154,0.57271,0.15934,1.44818,0.142,0.98167,0.45794,1.39031,0.01884,5.8373,6.1588,6.7315,6.8909,8.3391,8.4811,9.4627,9.9207,11.3110,11.3298,94149.0,94153.0,0.0000125,9805.05466,2374150999.4831419,,,
"1/11/2025, 10:51:58 AM",BTC,,,,,,,,,,,,,,,,,,,,,,,,,,,,,,,,,,,,,,,,,,,,,,,,,,,,,,,,,,,,,,,,,,Sell (Ask),94159.0,0.00163
"1/11/2025, 10:51:58 AM",BTC,94160.0,94163.0,94164.0,94165.0,94167.0,94170.0,94171.0,94172.0,94173.0,94175.0,1.37291,0.00106,0.19484,0.79647,0.02109,0.88042,0.00053,0.03533,0.07434,0.267,1.3729,1.3740,1.5688,2.3653,2.3864,3.2668,3.2673,3.3027,3.3770,3.6440,94159.0,94158.0,94157.0,94156.0,94155.0,94154.0,94153.0,94152.0,94151.0,94150.0,5.86697,0.20055,0.57271,0.15934,1.44818,0.142,0.98167,0.45794,1.40331,0.01884,5.8670,6.0675,6.6402,6.7996,8.2477,8.3897,9.3714,9.8294,11.2327,11.2515,94160.0,94153.0,0.0000125,9805.05792,2374151153.08945179,,,
"1/11/2025, 10:51:58 AM",BTC,,,,,,,,,,,,,,,,,,,,,,,,,,,,,,,,,,,,,,,,,,,,,,,,,,,,,,,,,,,,,,,,,,Buy (Bid),94160.0,0.00903
"1/11/2025, 10:51:58 AM",BTC,94160.0,94163.0,94164.0,94165.0,94167.0,94170.0,94171.0,94172.0,94173.0,94175.0,2.00109,0.00106,0.19484,0.79647,0.02109,0.88042,0.00053,0.03533,0.77434,0.267,2.0011,2.0021,2.1970,2.9935,3.0145,3.8950,3.8955,3.9308,4.7052,4.9722,94159.0,94158.0,94157.0,94156.0,94155.0,94154.0,94153.0,94152.0,94151.0,94150.0,5.94131,0.20055,0.57271,0.15934,1.44818,0.142,2.04397,0.45794,1.42531,0.01884,5.9413,6.1419,6.7146,6.8739,8.3221,8.4641,10.5081,10.9660,12.3913,12.4101,94160.0,94153.0,0.0000125,9805.03986,2374152004.04956198,,,
"1/11/2025, 10:51:59 AM",BTC,,,,,,,,,,,,,,,,,,,,,,,,,,,,,,,,,,,,,,,,,,,,,,,,,,,,,,,,,,,,,,,,,,Buy (Bid),94160.0,0.00012
"1/11/2025, 10:51:59 AM",BTC,94160.0,94163.0,94164.0,94165.0,94167.0,94170.0,94171.0,94172.0,94173.0,94175.0,1.36376,0.00106,0.19484,0.79647,0.02109,0.88042,0.00053,0.03533,0.7,0.18203,1.3638,1.3648,1.5597,2.3561,2.3772,3.2576,3.2582,3.2935,3.9935,4.1755,94159.0,94158.0,94157.0,94156.0,94155.0,94154.0,94153.0,94152.0,94151.0,94150.0,5.91944,0.16934,0.57271,0.15934,1.44818,0.142,2.04397,0.45794,1.44931,0.02984,5.9194,6.0888,6.6615,6.8208,8.2690,8.4110,10.4550,10.9129,12.3622,12.3921,94160.0,94153.0,0.0000125,9805.03986,2374152015.35800219,,,
"1/11/2025, 10:51:59 AM",BTC,94160.0,94163.0,94164.0,94165.0,94167.0,94170.0,94171.0,94173.0,94175.0,94176.0,1.36376,0.00106,0.19484,0.79647,0.02109,0.88042,0.03586,0.7,0.10769,0.15931,1.3638,1.3648,1.5597,2.3561,2.3772,3.2576,3.2935,3.9935,4.1012,4.2605,94159.0,94158.0,94157.0,94156.0,94155.0,94154.0,94153.0,94152.0,94151.0,94150.0,5.98316,0.16934,0.57271,0.15934,1.44818,0.142,0.98167,0.45794,1.44931,0.02984,5.9832,6.1525,6.7252,6.8845,8.3327,8.4747,9.4564,9.9143,11.3636,11.3935,94160.0,94153.0,0.0000125,9805.03986,2374152015.35800219,,,
"1/11/2025, 10:52:00 AM",BTC,94160.0,94163.0,94164.0,94165.0,94167.0,94170.0,94171.0,94173.0,94175.0,94176.0,1.36376,0.00106,0.19484,0.79647,0.02109,0.88042,0.03586,0.7,0.10769,0.15931,1.3638,1.3648,1.5597,2.3561,2.3772,3.2576,3.2935,3.9935,4.1012,4.2605,94159.0,94158.0,94157.0,94156.0,94155.0,94154.0,94153.0,94152.0,94151.0,94150.0,5.98316,0.16934,0.57271,0.15934,1.44818,0.142,0.98167,0.45794,1.46031,0.02984,5.9832,6.1525,6.7252,6.8845,8.3327,8.4747,9.4564,9.9143,11.3746,11.4045,94160.0,94153.0,0.0000125,9805.03986,2374152015.35800219,,,
"1/11/2025, 10:52:01 AM",BTC,94160.0,94163.0,94164.0,94165.0,94167.0,94170.0,94171.0,94173.0,94174.0,94175.0,1.36376,0.00106,0.19484,0.79647,0.02109,0.88042,0.03586,0.7,0.08644,0.02125,1.3638,1.3648,1.5597,2.3561,2.3772,3.2576,3.2935,3.9935,4.0799,4.1012,94159.0,94158.0,94157.0,94156.0,94155.0,94154.0,94153.0,94152.0,94151.0,94150.0,5.98316,0.16934,0.57271,0.15934,1.44818,0.142,0.98167,0.45794,1.46031,0.02984,5.9832,6.1525,6.7252,6.8845,8.3327,8.4747,9.4564,9.9143,11.3746,11.4045,94160.0,94153.0,0.0000125,9805.03986,2374152015.35800219,,,
"1/11/2025, 10:52:02 AM",BTC,94160.0,94163.0,94164.0,94165.0,94167.0,94170.0,94171.0,94172.0,94173.0,94174.0,1.36376,0.00106,0.19484,0.79647,0.02109,0.88042,0.00053,0.03533,0.7,0.08644,1.3638,1.3648,1.5597,2.3561,2.3772,3.2576,3.2582,3.2935,3.9935,4.0799,94159.0,94158.0,94157.0,94156.0,94155.0,94154.0,94153.0,94152.0,94151.0,94150.0,6.94144,0.16934,0.84128,0.15934,1.44818,0.142,0.98167,0.45794,1.46031,0.02984,6.9414,7.1108,7.9521,8.1114,9.5596,9.7016,10.6832,11.1412,12.6015,12.6313,94160.0,94153.0,0.0000125,9805.03986,2374152015.35800219,,,
"1/11/2025, 10:52:02 AM",BTC,94160.0,94163.0,94164.0,94165.0,94167.0,94170.0,94171.0,94172.0,94173.0,94174.0,1.36376,0.00106,0.19484,0.79647,0.02109,0.88042,0.00053,0.03533,0.7,0.08644,1.3638,1.3648,1.5597,2.3561,2.3772,3.2576,3.2582,3.2935,3.9935,4.0799,94159.0,94158.0,94157.0,94156.0,94155.0,94154.0,94153.0,94152.0,94151.0,94150.0,7.03702,0.16934,0.84128,0.15934,1.44818,0.142,0.98167,0.45794,1.46031,0.02984,7.0370,7.2064,8.0476,8.2070,9.6552,9.7972,10.7788,11.2368,12.6971,12.7269,94160.0,94153.0,0.0000125,9805.03986,2374152015.35800219,,,
"1/11/2025, 10:52:03 AM",BTC,,,,,,,,,,,,,,,,,,,,,,,,,,,,,,,,,,,,,,,,,,,,,,,,,,,,,,,,,,,,,,,,,,Sell (Ask),94159.0,0.00034
"1/11/2025, 10:52:03 AM",BTC,94160.0,94163.0,94164.0,94165.0,94167.0,94170.0,94171.0,94172.0,94173.0,94174.0,1.36376,0.00106,0.19484,0.79647,0.02109,0.88042,0.00053,0.03533,0.7,0.08644,1.3638,1.3648,1.5597,2.3561,2.3772,3.2576,3.2582,3.2935,3.9935,4.0799,94159.0,94158.0,94157.0,94156.0,94155.0,94154.0,94153.0,94152.0,94151.0,94150.0,6.93107,0.16934,0.84128,0.15934,1.44818,0.142,0.98167,0.45794,1.46031,0.02984,6.9311,7.1004,7.9417,8.1010,9.5492,9.6912,10.6729,11.1308,12.5911,12.6210,94160.0,94153.0,0.0000125,9805.04054,2374152047.39858198,,,
"1/11/2025, 10:52:03 AM",BTC,94160.0,94163.0,94164.0,94165.0,94167.0,94169.0,94170.0,94171.0,94172.0,94173.0,1.36376,0.00106,0.19484,0.79647,0.02109,0.08299,0.79743,0.00053,0.03533,0.7,1.3638,1.3648,1.5597,2.3561,2.3772,2.4602,3.2576,3.2582,3.2935,3.9935,94159.0,94158.0,94157.0,94156.0,94155.0,94154.0,94153.0,94152.0,94151.0,94150.0,6.12073,12.00417,0.61441,0.15934,1.30618,0.142,0.98167,0.45794,1.46031,0.02984,6.1207,18.1249,18.7393,18.8986,20.2048,20.3468,21.3285,21.7864,23.2468,23.2766,94160.0,94153.0,0.0000125,9805.04054,2374152047.39858198,,,
"1/11/2025, 10:52:04 AM",BTC,94160.0,94163.0,94164.0,94165.0,94167.0,94169.0,94170.0,94171.0,94172.0,94173.0,2.00097,0.00106,0.19484,0.79647,0.02109,0.08299,0.79743,0.00053,0.03533,0.77435,2.0010,2.0020,2.1969,2.9933,3.0144,3.0974,3.8948,3.8954,3.9307,4.7051,94159.0,94158.0,94157.0,94156.0,94155.0,94154.0,94153.0,94152.0,94151.0,94150.0,6.07338,12.42647,0.61441,0.37061,1.30618,0.142,0.98167,0.45794,1.59304,0.02984,6.0734,18.4999,19.1143,19.4849,20.7911,20.9331,21.9147,22.3727,23.9657,23.9955,94159.0,94153.0,0.0000125,9805.04054,2374152047.39858198,,,
"1/11/2025, 10:52:04 AM",BTC,94160.0,94163.0,94164.0,94165.0,94167.0,94169.0,94170.0,94171.0,94172.0,94173.0,1.36376,0.00106,0.19484,0.79647,0.02109,0.08299,0.79743,0.00053,0.03533,0.77435,1.3638,1.3648,1.5597,2.3561,2.3772,2.4602,3.2576,3.2582,3.2935,4.0678,94159.0,94158.0,94157.0,94156.0,94155.0,94154.0,94153.0,94152.0,94151.0,94150.0,6.09973,12.42647,0.61441,0.37061,1.30618,0.142,0.99166,0.45794,1.59304,0.02984,6.0997,18.5262,19.1406,19.5112,20.8174,20.9594,21.9511,22.4090,24.0020,24.0319,94159.0,94153.0,0.0000125,9805.04054,2374152047.39858198,,,
"1/11/2025, 10:52:05 AM",BTC,94160.0,94161.0,94163.0,94164.0,94165.0,94169.0,94170.0,94174.0,94175.0,94176.0,0.68434,0.1009,0.00106,0.19484,0.79647,0.02109,0.79743,0.19589,0.10424,0.10967,0.6843,0.7852,0.7863,0.9811,1.7776,1.7987,2.5961,2.7920,2.8963,3.0059,94159.0,94158.0,94157.0,94156.0,94155.0,94154.0,94153.0,94152.0,94151.0,94150.0,8.52019,12.42647,0.61441,0.37061,1.93951,0.15237,0.98167,0.45794,1.4724,0.02984,8.5202,20.9467,21.5611,21.9317,23.8712,24.0236,25.0052,25.4632,26.9356,26.9654,94159.0,94153.0,0.0000125,9805.04054,2374152047.39858198,,,
"1/11/2025, 10:52:06 AM",BTC,,,,,,,,,,,,,,,,,,,,,,,,,,,,,,,,,,,,,,,,,,,,,,,,,,,,,,,,,,,,,,,,,,Buy (Bid),94163.0,0.00106
"1/11/2025, 10:52:05 AM",BTC,94163.0,94164.0,94165.0,94166.0,94170.0,94175.0,94179.0,94180.0,94181.0,94182.0,0.00106,0.19484,0.79647,0.10385,0.79743,0.90062,0.11495,0.001,0.38306,0.77434,0.0011,0.1959,0.9924,1.0962,1.8937,2.7943,2.9092,2.9102,3.2933,4.0676,94162.0,94160.0,94159.0,94158.0,94157.0,94156.0,94155.0,94154.0,94153.0,94152.0,0.38691,1.83402,9.00158,12.42647,1.67671,0.37061,1.93951,0.15237,0.98167,0.45794,0.3869,2.2209,11.2225,23.6490,25.3257,25.6963,27.6358,27.7882,28.7699,29.2278,94159.0,94153.0,0.0000125,9805.0289,2374152612.82058191,,,
"1/11/2025, 10:52:06 AM",BTC,,,,,,,,,,,,,,,,,,,,,,,,,,,,,,,,,,,,,,,,,,,,,,,,,,,,,,,,,,,,,,,,,,Buy (Bid),94164.0,0.03186
"1/11/2025, 10:52:06 AM",BTC,94165.0,94166.0,94168.0,94170.0,94171.0,94175.0,94179.0,94180.0,94181.0,94182.0,0.79647,0.10385,0.10198,0.79743,0.02109,0.90062,0.11495,0.001,0.45846,0.7,0.7965,0.9003,1.0023,1.7997,1.8208,2.7214,2.8364,2.8374,3.2958,3.9958,94164.0,94163.0,94162.0,94161.0,94160.0,94159.0,94158.0,94157.0,94156.0,94155.0,1.09057,5.33952,6.06651,0.16058,0.15987,6.22805,12.28913,1.33087,1.20036,0.83864,1.0906,6.4301,12.4966,12.6572,12.8171,19.0451,31.3342,32.6651,33.8655,34.7041,94159.0,94153.0,0.0000125,9804.96518,2374155615.21140194,,,
"1/11/2025, 10:52:07 AM",BTC,,,,,,,,,,,,,,,,,,,,,,,,,,,,,,,,,,,,,,,,,,,,,,,,,,,,,,,,,,,,,,,,,,Sell (Ask),94164.0,0.31865
"1/11/2025, 10:52:07 AM",BTC,94165.0,94166.0,94168.0,94170.0,94171.0,94175.0,94179.0,94180.0,94181.0,94182.0,1.47586,0.10385,0.10198,0.79743,0.02109,0.90062,0.11495,0.001,0.45846,0.78644,1.4759,1.5797,1.6817,2.4791,2.5002,3.4008,3.5158,3.5168,3.9752,4.7617,94164.0,94163.0,94162.0,94161.0,94160.0,94159.0,94158.0,94157.0,94156.0,94155.0,7.49914,3.1262,2.88888,0.16058,0.00053,3.74441,12.28913,1.33087,1.20036,0.58375,7.4991,10.6253,13.5142,13.6748,13.6753,17.4197,29.7089,31.0397,32.2401,32.8239,94159.0,94153.0,0.0000125,9805.42986,2374193871.66392183,,,
"1/11/2025, 10:52:07 AM",BTC,,,,,,,,,,,,,,,,,,,,,,,,,,,,,,,,,,,,,,,,,,,,,,,,,,,,,,,,,,,,,,,,,,Buy (Bid),94175.0,0.006
"1/11/2025, 10:52:07 AM",BTC,,,,,,,,,,,,,,,,,,,,,,,,,,,,,,,,,,,,,,,,,,,,,,,,,,,,,,,,,,,,,,,,,,Buy (Bid),94175.0,0.00229
"1/11/2025, 10:52:07 AM",BTC,,,,,,,,,,,,,,,,,,,,,,,,,,,,,,,,,,,,,,,,,,,,,,,,,,,,,,,,,,,,,,,,,,Buy (Bid),94175.0,0.006
"1/11/2025, 10:52:07 AM",BTC,94175.0,94180.0,94181.0,94185.0,94189.0,94190.0,94191.0,94194.0,94196.0,94197.0,1.7053,0.83267,0.08405,0.7963,0.02125,0.20505,0.19994,0.21169,0.17634,1.0,1.7053,2.5380,2.6220,3.4183,3.4396,3.6446,3.8446,4.0563,4.2326,5.2326,94174.0,94171.0,94169.0,94168.0,94167.0,94165.0,94164.0,94163.0,94162.0,94161.0,1.84641,0.95644,0.8875,0.21688,0.922,0.53167,9.12285,3.54846,1.52532,0.15934,1.8464,2.8029,3.6904,3.9072,4.8292,5.3609,14.4838,18.0322,19.5575,19.7169,94159.0,94153.0,0.0000125,9805.21528,2374203982.35165167,,,
"1/11/2025, 10:52:08 AM",BTC,,,,,,,,,,,,,,,,,,,,,,,,,,,,,,,,,,,,,,,,,,,,,,,,,,,,,,,,,,,,,,,,,,Sell (Ask),94174.0,0.00069
"1/11/2025, 10:52:08 AM",BTC,94175.0,94179.0,94180.0,94181.0,94185.0,94189.0,94190.0,94191.0,94192.0,94194.0,1.55001,0.01037,0.79734,0.08405,0.83163,0.09558,0.20505,0.35923,0.15928,0.21169,1.5500,1.5604,2.3577,2.4418,3.2734,3.3690,3.5740,3.9333,4.0925,4.3042,94174.0,94173.0,94172.0,94171.0,94170.0,94169.0,94168.0,94167.0,94165.0,94164.0,6.66771,0.15932,0.15932,0.53167,0.43633,0.45,1.95641,0.922,0.704,6.28771,6.6677,6.8270,6.9863,7.5180,7.9543,8.4043,10.3608,11.2828,11.9868,18.2745,94164.0,94162.0,0.0000125,9805.10728,2374209136.17318153,,,
"1/11/2025, 10:52:08 AM",BTC,94175.0,94179.0,94180.0,94181.0,94185.0,94189.0,94190.0,94191.0,94194.0,94195.0,1.55001,0.01037,0.79734,0.08405,0.83163,0.09558,0.20505,0.35923,0.21169,0.7,1.5500,1.5604,2.3577,2.4418,3.2734,3.3690,3.5740,3.9333,4.1450,4.8450,94174.0,94173.0,94172.0,94171.0,94170.0,94169.0,94168.0,94167.0,94166.0,94165.0,6.75581,0.15932,0.15932,0.53167,0.43633,0.45,1.95641,0.922,1.0,0.704,6.7558,6.9151,7.0745,7.6061,8.0425,8.4924,10.4489,11.3709,12.3709,13.0749,94164.0,94162.0,0.0000125,9805.10728,2374209136.17318153,,,
"1/11/2025, 10:52:09 AM",BTC,,,,,,,,,,,,,,,,,,,,,,,,,,,,,,,,,,,,,,,,,,,,,,,,,,,,,,,,,,,,,,,,,,Buy (Bid),94175.0,0.03996
"1/11/2025, 10:52:09 AM",BTC,94175.0,94179.0,94180.0,94181.0,94185.0,94189.0,94190.0,94191.0,94193.0,94194.0,1.55001,0.01037,0.79734,0.08405,0.83163,0.09558,0.20505,0.35923,0.15928,0.21169,1.5500,1.5604,2.3577,2.4418,3.2734,3.3690,3.5740,3.9333,4.0925,4.3042,94174.0,94173.0,94172.0,94171.0,94170.0,94169.0,94168.0,94167.0,94166.0,94165.0,6.68518,0.15932,0.15932,0.53167,0.43633,0.45,1.95641,0.922,1.0,0.53167,6.6852,6.8445,7.0038,7.5355,7.9718,8.4218,10.3782,11.3002,12.3002,12.8319,94164.0,94162.0,0.0000125,9805.10728,2374212901.88370132,,,
"1/11/2025, 10:52:09 AM",BTC,,,,,,,,,,,,,,,,,,,,,,,,,,,,,,,,,,,,,,,,,,,,,,,,,,,,,,,,,,,,,,,,,,Buy (Bid),94175.0,0.03186
"1/11/2025, 10:52:09 AM",BTC,94175.0,94179.0,94180.0,94181.0,94185.0,94189.0,94190.0,94191.0,94193.0,94194.0,1.47819,0.01037,0.79734,0.08405,0.83163,0.09558,0.20505,0.35923,0.15928,0.21169,1.4782,1.4886,2.2859,2.3699,3.2016,3.2972,3.5022,3.8614,4.0207,4.2324,94174.0,94173.0,94172.0,94171.0,94170.0,94169.0,94168.0,94167.0,94166.0,94165.0,6.68518,0.15932,0.15932,0.53167,0.43633,0.45,1.95641,0.922,1.0,0.53167,6.6852,6.8445,7.0038,7.5355,7.9718,8.4218,10.3782,11.3002,12.3002,12.8319,94164.0,94162.0,0.0000125,9805.04356,2374215904.27452135,,,
"1/11/2025, 10:52:10 AM",BTC,94175.0,94179.0,94180.0,94181.0,94185.0,94189.0,94190.0,94191.0,94193.0,94194.0,1.47819,0.01037,0.79734,0.08405,0.83163,0.09558,0.20505,0.35923,0.15928,0.21169,1.4782,1.4886,2.2859,2.3699,3.2016,3.2972,3.5022,3.8614,4.0207,4.2324,94174.0,94173.0,94172.0,94171.0,94170.0,94169.0,94168.0,94167.0,94166.0,94165.0,6.7489,0.15932,0.15932,0.53167,0.43633,0.45,2.99041,0.922,1.00566,0.53167,6.7489,6.9082,7.0675,7.5992,8.0355,8.4855,11.4760,12.3980,13.4036,13.9353,94164.0,94162.0,0.0000125,9805.04356,2374215904.27452135,,,
"1/11/2025, 10:52:11 AM",BTC,94175.0,94179.0,94180.0,94181.0,94185.0,94188.0,94189.0,94190.0,94191.0,94194.0,1.47819,0.01037,0.79734,0.08405,0.83163,0.07433,0.02125,0.36434,0.35923,0.21169,1.4782,1.4886,2.2859,2.3699,3.2016,3.2759,3.2972,3.6615,4.0207,4.2324,94174.0,94173.0,94172.0,94171.0,94170.0,94169.0,94168.0,94167.0,94166.0,94165.0,6.59647,0.15932,0.15932,0.53167,0.43633,0.45,2.99041,0.922,1.5192,0.53167,6.5965,6.7558,6.9151,7.4468,7.8831,8.3331,11.3235,12.2455,13.7647,14.2964,94175.0,94170.0,0.0000125,9805.04356,2374215904.27452135,,,
"1/11/2025, 10:52:11 AM",BTC,,,,,,,,,,,,,,,,,,,,,,,,,,,,,,,,,,,,,,,,,,,,,,,,,,,,,,,,,,,,,,,,,,Buy (Bid),94175.0,0.56327
"1/11/2025, 10:52:11 AM",BTC,94175.0,94179.0,94180.0,94181.0,94185.0,94189.0,94190.0,94191.0,94193.0,94194.0,1.47819,0.01037,0.79734,0.08405,0.83163,0.02125,0.36434,0.35923,0.7,0.21169,1.4782,1.4886,2.2859,2.3699,3.2016,3.2228,3.5872,3.9464,4.6464,4.8581,94174.0,94173.0,94172.0,94171.0,94170.0,94169.0,94168.0,94167.0,94166.0,94165.0,6.88392,0.15932,0.15932,0.53167,0.43633,0.45,2.99041,0.922,1.5192,0.53167,6.8839,7.0432,7.2026,7.7342,8.1706,8.6206,11.6110,12.5330,14.0522,14.5838,94175.0,94170.0,0.0000125,9805.04356,2374215904.27452135,,,
"1/11/2025, 10:52:12 AM",BTC,94175.0,94176.0,94179.0,94180.0,94181.0,94185.0,94189.0,94190.0,94191.0,94193.0,0.47819,0.19612,0.01037,0.001,0.08405,0.83163,0.09558,1.1606,0.19994,0.85928,0.4782,0.6743,0.6847,0.6857,0.7697,1.6014,1.6969,2.8575,3.0575,3.9168,94174.0,94173.0,94172.0,94171.0,94170.0,94169.0,94168.0,94167.0,94166.0,94165.0,6.88523,0.15932,0.15932,0.53167,0.43633,0.45,2.99041,0.922,1.5192,0.53167,6.8852,7.0446,7.2039,7.7355,8.1719,8.6219,11.6123,12.5343,14.0535,14.5851,94175.0,94170.0,0.0000125,9803.72668,2374310141.27452135,,,
"1/11/2025, 10:52:12 AM",BTC,94175.0,94176.0,94179.0,94180.0,94181.0,94185.0,94189.0,94190.0,94191.0,94193.0,0.47819,0.19612,0.01037,0.001,0.08405,0.83163,0.02125,1.1606,0.19994,0.42476,0.4782,0.6743,0.6847,0.6857,0.7697,1.6014,1.6226,2.7832,2.9832,3.4079,94174.0,94173.0,94172.0,94171.0,94170.0,94169.0,94168.0,94167.0,94166.0,94165.0,5.94805,0.15932,0.42689,0.53167,0.43633,0.66688,2.029,0.922,1.5192,0.53167,5.9481,6.1074,6.5343,7.0659,7.5023,8.1691,10.1981,11.1201,12.6393,13.1710,94175.0,94170.0,0.0000125,9803.72668,2374310141.27452135,,,
"1/11/2025, 10:52:13 AM",BTC,94175.0,94176.0,94179.0,94180.0,94181.0,94185.0,94188.0,94189.0,94190.0,94191.0,0.47819,0.19612,0.01037,0.001,0.08405,0.83163,0.07433,0.02125,1.94704,0.1135,0.4782,0.6743,0.6847,0.6857,0.7697,1.6014,1.6757,1.6969,3.6440,3.7575,94174.0,94173.0,94172.0,94171.0,94170.0,94169.0,94168.0,94167.0,94166.0,94165.0,7.32201,0.15932,0.15932,0.53167,0.43633,0.66688,2.98497,0.922,1.5192,0.53167,7.3220,7.4813,7.6406,8.1723,8.6086,9.2755,12.2605,13.1825,14.7017,15.2334,94175.0,94170.0,0.0000125,9803.72668,2374310141.27452135,,,
"1/11/2025, 10:52:13 AM",BTC,94175.0,94176.0,94179.0,94180.0,94181.0,94185.0,94188.0,94189.0,94190.0,94191.0,0.47819,0.19612,0.01037,0.001,0.08405,0.83163,0.07433,0.02125,1.94704,0.1135,0.4782,0.6743,0.6847,0.6857,0.7697,1.6014,1.6757,1.6969,3.6440,3.7575,94174.0,94173.0,94172.0,94171.0,94170.0,94169.0,94168.0,94167.0,94166.0,94165.0,7.18009,0.15932,0.15932,0.53167,0.43633,0.66688,2.98497,0.922,1.5192,0.53167,7.1801,7.3394,7.4987,8.0304,8.4667,9.1336,12.1186,13.0406,14.5598,15.0915,94175.0,94170.0,0.0000125,9803.72668,2374310141.27452135,,,
"1/11/2025, 10:52:14 AM",BTC,94175.0,94176.0,94179.0,94180.0,94181.0,94185.0,94189.0,94190.0,94191.0,94193.0,0.47819,0.19612,0.01037,0.001,0.08405,0.83163,0.02125,1.94704,0.1135,0.42476,0.4782,0.6743,0.6847,0.6857,0.7697,1.6014,1.6226,3.5697,3.6832,4.1079,94174.0,94173.0,94172.0,94171.0,94170.0,94169.0,94168.0,94167.0,94166.0,94165.0,7.21195,0.15932,0.15932,0.53167,0.43633,0.66688,2.98497,0.922,1.5192,0.53167,7.2119,7.3713,7.5306,8.0623,8.4986,9.1655,12.1504,13.0724,14.5916,15.1233,94175.0,94170.0,0.0000125,9803.72668,2374310141.27452135,,,
"1/11/2025, 10:52:14 AM",BTC,,,,,,,,,,,,,,,,,,,,,,,,,,,,,,,,,,,,,,,,,,,,,,,,,,,,,,,,,,,,,,,,,,Sell (Ask),94174.0,0.03128
"1/11/2025, 10:52:14 AM",BTC,94175.0,94176.0,94179.0,94180.0,94181.0,94185.0,94188.0,94189.0,94190.0,94191.0,0.47819,0.19612,0.01037,0.001,0.08405,0.83163,0.07433,0.02125,1.94704,0.1135,0.4782,0.6743,0.6847,0.6857,0.7697,1.6014,1.6757,1.6969,3.6440,3.7575,94174.0,94173.0,94172.0,94171.0,94170.0,94169.0,94168.0,94167.0,94166.0,94165.0,7.08509,0.15932,0.15932,0.53167,0.44632,0.66688,2.98497,0.922,1.5192,0.53167,7.0851,7.2444,7.4037,7.9354,8.3817,9.0486,12.0336,12.9556,14.4748,15.0064,94175.0,94170.0,0.0000125,9803.78924,2374313089.00788116,,,
"1/11/2025, 10:52:15 AM",BTC,,,,,,,,,,,,,,,,,,,,,,,,,,,,,,,,,,,,,,,,,,,,,,,,,,,,,,,,,,,,,,,,,,Buy (Bid),94175.0,0.03186
"1/11/2025, 10:52:15 AM",BTC,94175.0,94176.0,94179.0,94180.0,94181.0,94185.0,94188.0,94189.0,94190.0,94191.0,0.44633,0.09188,0.01037,0.001,0.08405,0.83163,0.07433,0.12094,1.94704,0.1135,0.4463,0.5382,0.5486,0.5496,0.6336,1.4653,1.5396,1.6605,3.6076,3.7211,94174.0,94173.0,94172.0,94171.0,94170.0,94169.0,94168.0,94167.0,94166.0,94165.0,7.14881,0.15932,0.15932,0.53167,0.44632,0.66688,2.98497,0.922,1.5192,0.53167,7.1488,7.3081,7.4675,7.9991,8.4454,9.1123,12.0973,13.0193,14.5385,15.0702,94175.0,94170.0,0.0000125,9803.78924,2374316091.39870119,,,
"1/11/2025, 10:52:15 AM",BTC,94175.0,94176.0,94179.0,94180.0,94181.0,94185.0,94188.0,94189.0,94190.0,94191.0,0.44633,0.09188,0.01037,0.001,0.08405,0.83163,0.07433,0.12094,1.94704,0.1135,0.4463,0.5382,0.5486,0.5496,0.6336,1.4653,1.5396,1.6605,3.6076,3.7211,94174.0,94173.0,94172.0,94171.0,94170.0,94169.0,94168.0,94167.0,94166.0,94165.0,7.14517,0.15932,0.15932,0.53167,0.44632,0.66688,2.98497,0.922,1.5192,0.53167,7.1452,7.3045,7.4638,7.9955,8.4418,9.1087,12.0937,13.0157,14.5349,15.0665,94175.0,94170.0,0.0000125,9803.78924,2374316091.39870119,,,
"1/11/2025, 10:52:16 AM",BTC,94175.0,94176.0,94179.0,94180.0,94181.0,94184.0,94185.0,94189.0,94190.0,94191.0,0.44633,0.09188,0.01037,0.001,0.08405,0.03533,0.7963,0.12094,1.94704,0.1135,0.4463,0.5382,0.5486,0.5496,0.6336,0.6690,1.4653,1.5862,3.5332,3.6467,94174.0,94173.0,94172.0,94171.0,94170.0,94169.0,94168.0,94167.0,94166.0,94165.0,17.5162,0.15932,0.15932,0.53167,0.44632,0.66688,2.98497,0.922,1.5192,0.53167,17.5162,17.6755,17.8348,18.3665,18.8128,19.4797,22.4647,23.3867,24.9059,25.4376,94175.0,94170.0,0.0000125,9803.78924,2374316091.39870119,,,
"1/11/2025, 10:52:16 AM",BTC,94175.0,94179.0,94180.0,94181.0,94184.0,94185.0,94189.0,94190.0,94191.0,94192.0,0.44633,0.01037,0.001,0.08405,0.03533,0.7963,0.2885,1.78775,0.1135,0.15928,0.4463,0.4567,0.4577,0.5417,0.5771,1.3734,1.6619,3.4496,3.5631,3.7224,94174.0,94173.0,94172.0,94171.0,94170.0,94169.0,94168.0,94167.0,94166.0,94165.0,17.5162,0.15932,0.15932,0.53167,0.44632,0.66688,2.98497,0.922,1.5192,0.53167,17.5162,17.6755,17.8348,18.3665,18.8128,19.4797,22.4647,23.3867,24.9059,25.4376,94175.0,94170.0,0.0000125,9803.78924,2374316091.39870119,,,
"1/11/2025, 10:52:17 AM",BTC,,,,,,,,,,,,,,,,,,,,,,,,,,,,,,,,,,,,,,,,,,,,,,,,,,,,,,,,,,,,,,,,,,Sell (Ask),94174.0,0.03996
"1/11/2025, 10:52:17 AM",BTC,94175.0,94179.0,94180.0,94181.0,94184.0,94185.0,94189.0,94190.0,94191.0,94192.0,0.44633,0.01037,0.001,0.08405,0.03533,0.7963,0.2885,1.5837,0.27279,0.15928,0.4463,0.4567,0.4577,0.5417,0.5771,1.3734,1.6619,3.2456,3.5184,3.6777,94174.0,94173.0,94172.0,94171.0,94170.0,94169.0,94168.0,94167.0,94166.0,94165.0,17.84853,0.15932,0.15932,0.53167,0.44632,0.66688,2.98497,0.922,1.93611,0.53167,17.8485,18.0079,18.1672,18.6988,19.1452,19.8120,22.7970,23.7190,25.6551,26.1868,94175.0,94170.0,0.0000125,9803.78924,2374319857.10922098,,,
"1/11/2025, 10:52:18 AM",BTC,94175.0,94179.0,94180.0,94181.0,94184.0,94185.0,94189.0,94190.0,94191.0,94192.0,0.44633,0.01037,0.001,0.08405,0.03533,0.7963,0.2885,1.5837,0.1135,0.15928,0.4463,0.4567,0.4577,0.5417,0.5771,1.3734,1.6619,3.2456,3.3591,3.5184,94174.0,94173.0,94172.0,94171.0,94170.0,94169.0,94168.0,94167.0,94166.0,94165.0,17.44452,0.15932,0.15932,0.53167,0.44632,0.66688,2.98497,0.922,1.93611,0.53167,17.4445,17.6038,17.7632,18.2948,18.7412,19.4080,22.3930,23.3150,25.2511,25.7828,94175.0,94170.0,0.0000125,9803.78924,2374319857.10922098,,,
"1/11/2025, 10:52:18 AM",BTC,94175.0,94179.0,94180.0,94181.0,94184.0,94185.0,94189.0,94190.0,94191.0,94192.0,0.44633,0.01037,0.001,0.08405,0.03533,0.7963,0.2885,1.5837,0.27279,0.15928,0.4463,0.4567,0.4577,0.5417,0.5771,1.3734,1.6619,3.2456,3.5184,3.6777,94174.0,94173.0,94172.0,94171.0,94170.0,94169.0,94168.0,94167.0,94166.0,94165.0,17.47638,0.15932,0.15932,0.53167,0.44632,0.66688,2.98497,0.922,1.93611,0.53167,17.4764,17.6357,17.7950,18.3267,18.7730,19.4399,22.4249,23.3469,25.2830,25.8146,94175.0,94170.0,0.0000125,9803.78924,2374319857.10922098,,,
"1/11/2025, 10:52:19 AM",BTC,94175.0,94179.0,94180.0,94181.0,94184.0,94185.0,94189.0,94190.0,94191.0,94192.0,0.44633,0.01037,0.001,0.08405,0.03533,0.7963,0.21417,1.5837,0.27279,1.0623,0.4463,0.4567,0.4577,0.5417,0.5771,1.3734,1.5876,3.1713,3.4440,4.5063,94174.0,94173.0,94172.0,94171.0,94170.0,94169.0,94168.0,94167.0,94166.0,94165.0,16.66173,0.15932,0.61231,0.53167,0.89931,0.66688,3.43797,0.922,1.93611,0.53167,16.6617,16.8210,17.4334,17.9650,18.8643,19.5312,22.9692,23.8912,25.8273,26.3590,94174.0,94170.0,0.0000125,9803.78924,2374319857.10922098,,,
"1/11/2025, 10:52:19 AM",BTC,94175.0,94176.0,94178.0,94179.0,94180.0,94181.0,94182.0,94184.0,94185.0,94188.0,4.74422,0.08299,0.03533,0.0322,0.83818,0.00159,0.19455,0.08644,0.7963,0.21688,4.7442,4.8272,4.8625,4.8947,5.7329,5.7345,5.9291,6.0155,6.8118,7.0287,94174.0,94172.0,94170.0,94168.0,94167.0,94166.0,94164.0,94163.0,94162.0,94161.0,2.26225,0.01037,0.19719,0.995,0.922,0.43816,3.57484,0.47503,0.45303,0.97757,2.2622,2.2726,2.4698,3.4648,4.3868,4.8250,8.3998,8.8748,9.3279,10.3054,94174.0,94170.0,0.0000125,9803.78924,2374319857.10922098,,,
"1/11/2025, 10:52:20 AM",BTC,94175.0,94176.0,94178.0,94179.0,94180.0,94181.0,94182.0,94183.0,94185.0,94188.0,6.41997,0.08644,0.1822,0.0322,1.53818,0.00159,0.09761,1.0623,1.87395,0.21688,6.4200,6.5064,6.6886,6.7208,8.2590,8.2606,8.3582,9.4205,11.2944,11.5113,94174.0,94172.0,94169.0,94168.0,94167.0,94166.0,94165.0,94164.0,94163.0,94161.0,0.61851,0.15,0.08644,1.03228,0.60501,0.64024,0.99506,3.57484,0.47503,1.40248,0.6185,0.7685,0.8549,1.8872,2.4922,3.1325,4.1275,7.7024,8.1774,9.5799,94174.0,94170.0,0.0000125,9803.78924,2374319857.10922098,,,
"1/11/2025, 10:52:20 AM",BTC,94175.0,94176.0,94177.0,94178.0,94179.0,94180.0,94181.0,94183.0,94185.0,94187.0,6.49431,0.08644,0.15931,0.34151,0.0322,1.53818,0.00159,1.0623,1.87395,0.00999,6.4943,6.5807,6.7401,7.0816,7.1138,8.6519,8.6535,9.7158,11.5898,11.5998,94174.0,94172.0,94169.0,94168.0,94167.0,94166.0,94165.0,94164.0,94163.0,94161.0,0.6326,0.15,0.53944,1.03228,0.67936,0.79957,0.99506,3.73323,0.722,0.27757,0.6326,0.7826,1.3220,2.3543,3.0337,3.8333,4.8283,8.5615,9.2835,9.5611,94174.0,94170.0,0.0000125,9803.78924,2374319857.10922098,,,
"1/11/2025, 10:52:21 AM",BTC,94175.0,94176.0,94177.0,94178.0,94179.0,94180.0,94181.0,94183.0,94185.0,94186.0,6.46061,0.16078,0.04084,0.1822,0.0322,1.49734,0.00159,0.42481,1.88394,0.28856,6.4606,6.6214,6.6622,6.8444,6.8766,8.3740,8.3756,8.8004,10.6843,10.9729,94174.0,94172.0,94169.0,94168.0,94167.0,94166.0,94165.0,94164.0,94163.0,94161.0,0.60023,0.15,0.53944,1.03228,0.60501,0.64024,0.62272,1.56796,1.14689,0.27757,0.6002,0.7502,1.2897,2.3220,2.9270,3.5672,4.1899,5.7579,6.9048,7.1823,94174.0,94170.0,0.0000125,9803.78924,2374319857.10922098,,,
"1/11/2025, 10:52:22 AM",BTC,94175.0,94176.0,94177.0,94178.0,94179.0,94180.0,94181.0,94185.0,94186.0,94187.0,7.55245,0.08644,0.20015,1.2445,0.19151,0.79734,0.42641,1.88394,0.28856,0.01093,7.5525,7.6389,7.8390,9.0835,9.2750,10.0724,10.4988,12.3827,12.6713,12.6822,94174.0,94172.0,94169.0,94168.0,94166.0,94165.0,94164.0,94163.0,94162.0,94161.0,0.56262,0.15,0.08644,0.65363,0.63359,0.98469,2.18032,0.88798,0.87794,0.73061,0.5626,0.7126,0.7991,1.4527,2.0863,3.0710,5.2513,6.1393,7.0172,7.7478,94171.0,94156.0,0.0000125,9803.78924,2374319857.10922098,,,
"1/11/2025, 10:52:22 AM",BTC,,,,,,,,,,,,,,,,,,,,,,,,,,,,,,,,,,,,,,,,,,,,,,,,,,,,,,,,,,,,,,,,,,Sell (Ask),94174.0,0.00016
"1/11/2025, 10:52:22 AM",BTC,94175.0,94176.0,94177.0,94178.0,94179.0,94180.0,94181.0,94185.0,94186.0,94187.0,8.25245,0.08644,0.20015,1.0623,0.0322,0.79734,0.42641,1.88394,0.28856,0.01093,8.2524,8.3389,8.5390,9.6013,9.6335,10.4309,10.8573,12.7412,13.0298,13.0407,94174.0,94172.0,94169.0,94168.0,94166.0,94165.0,94164.0,94163.0,94162.0,94161.0,0.56262,1.43821,0.08644,0.57928,0.47426,0.98469,2.02099,0.88798,0.87794,0.73061,0.5626,2.0008,2.0873,2.6665,3.1408,4.1255,6.1465,7.0345,7.9124,8.6430,94171.0,94156.0,0.0000125,9803.78892,2374319872.18714094,,,
"1/11/2025, 10:52:23 AM",BTC,94175.0,94176.0,94177.0,94178.0,94179.0,94180.0,94181.0,94182.0,94185.0,94186.0,8.25245,0.24575,0.20015,1.48713,0.0322,0.79734,0.00159,0.00999,1.87395,0.28856,8.2524,8.4982,8.6983,10.1855,10.2177,11.0150,11.0166,11.0266,12.9006,13.1891,94174.0,94172.0,94169.0,94168.0,94167.0,94165.0,94164.0,94163.0,94162.0,94161.0,0.27501,0.15,0.08644,0.57928,0.07435,0.15933,0.79796,0.722,0.45304,0.73061,0.2750,0.4250,0.5114,1.0907,1.1651,1.3244,2.1224,2.8444,3.2974,4.0280,94171.0,94156.0,0.0000125,9803.78892,2374319872.18714094,,,
"1/11/2025, 10:52:23 AM",BTC,94175.0,94176.0,94177.0,94178.0,94179.0,94180.0,94181.0,94182.0,94185.0,94186.0,8.25245,0.24575,0.20015,1.48713,0.0322,0.79734,0.00159,0.12603,1.87395,0.28856,8.2524,8.4982,8.6983,10.1855,10.2177,11.0150,11.0166,11.1426,13.0166,13.3052,94174.0,94172.0,94169.0,94168.0,94167.0,94165.0,94164.0,94163.0,94162.0,94161.0,0.27501,0.15,1.40305,0.57928,0.15933,0.53167,0.79796,1.17503,0.45304,1.15551,0.2750,0.4250,1.8281,2.4073,2.5667,3.0983,3.8963,5.0713,5.5244,6.6799,94171.0,94156.0,0.0000125,9803.78892,2374319872.18714094,,,
"1/11/2025, 10:52:24 AM",BTC,94175.0,94176.0,94177.0,94178.0,94179.0,94180.0,94181.0,94185.0,94186.0,94187.0,8.70245,0.08644,0.20015,1.0623,0.0322,0.79734,0.00159,1.87395,0.28856,0.00094,8.7025,8.7889,8.9890,10.0513,10.0835,10.8809,10.8825,12.7564,13.0450,13.0459,94174.0,94172.0,94169.0,94168.0,94167.0,94166.0,94165.0,94164.0,94163.0,94162.0,0.27501,0.15,1.40305,0.57928,0.45301,0.61235,0.98469,0.79796,1.17503,0.45304,0.2750,0.4250,1.8281,2.4073,2.8603,3.4727,4.4574,5.2553,6.4304,6.8834,94171.0,94156.0,0.0000125,9803.78892,2374319872.18714094,,,
"1/11/2025, 10:52:24 AM",BTC,,,,,,,,,,,,,,,,,,,,,,,,,,,,,,,,,,,,,,,,,,,,,,,,,,,,,,,,,,,,,,,,,,Sell (Ask),94174.0,0.03127
"1/11/2025, 10:52:24 AM",BTC,94175.0,94176.0,94177.0,94178.0,94179.0,94180.0,94181.0,94185.0,94187.0,94188.0,8.15695,0.08644,0.20015,1.0623,0.0322,0.79734,0.42641,1.87395,0.00094,1.21688,8.1570,8.2434,8.4435,9.5058,9.5380,10.3354,10.7618,12.6357,12.6367,13.8536,94174.0,94173.0,94172.0,94171.0,94169.0,94168.0,94167.0,94166.0,94165.0,94164.0,0.24374,0.29057,0.15,0.02183,1.40305,0.7386,0.45301,0.45302,0.98469,1.22285,0.2437,0.5343,0.6843,0.7061,2.1092,2.8478,3.3008,3.7538,4.7385,5.9614,94171.0,94156.0,0.0000125,9803.78892,2374322818.97813082,,,
"1/11/2025, 10:52:25 AM",BTC,94175.0,94176.0,94177.0,94178.0,94179.0,94180.0,94181.0,94185.0,94187.0,94188.0,8.08261,0.08644,0.20015,1.0623,0.19151,0.79734,0.42641,1.87395,0.53261,1.21688,8.0826,8.1691,8.3692,9.4315,9.6230,10.4204,10.8468,12.7207,13.2533,14.4702,94174.0,94173.0,94172.0,94169.0,94168.0,94167.0,94166.0,94165.0,94164.0,94163.0,0.24374,0.29057,0.15,1.56237,0.7386,0.45301,0.45302,0.98469,1.22285,1.17503,0.2437,0.5343,0.6843,2.2467,2.9853,3.4383,3.8913,4.8760,6.0988,7.2739,94171.0,94156.0,0.0000125,9803.78892,2374322818.97813082,,,
"1/11/2025, 10:52:26 AM",BTC,,,,,,,,,,,,,,,,,,,,,,,,,,,,,,,,,,,,,,,,,,,,,,,,,,,,,,,,,,,,,,,,,,Sell (Ask),94174.0,0.00035
"1/11/2025, 10:52:25 AM",BTC,94175.0,94176.0,94177.0,94178.0,94179.0,94180.0,94181.0,94184.0,94185.0,94187.0,8.15695,0.16078,0.20015,1.60844,0.0322,0.79734,0.00159,0.12949,1.75211,0.53261,8.1570,8.3177,8.5179,10.1263,10.1585,10.9559,10.9575,11.0869,12.8391,13.3717,94174.0,94172.0,94169.0,94168.0,94167.0,94164.0,94163.0,94162.0,94161.0,94160.0,0.24374,0.15,1.40305,0.65363,0.15933,1.23018,1.17503,0.45304,0.44355,0.48424,0.2437,0.3937,1.7968,2.4504,2.6098,3.8399,5.0150,5.4680,5.9116,6.3958,94171.0,94156.0,0.0000125,9803.78892,2374322818.97813082,,,
"1/11/2025, 10:52:26 AM",BTC,,,,,,,,,,,,,,,,,,,,,,,,,,,,,,,,,,,,,,,,,,,,,,,,,,,,,,,,,,,,,,,,,,Buy (Bid),94175.0,0.03996
"1/11/2025, 10:52:26 AM",BTC,94175.0,94176.0,94177.0,94178.0,94179.0,94180.0,94181.0,94184.0,94185.0,94186.0,8.15695,0.16078,0.04084,1.18361,0.0322,0.79734,0.00159,0.12949,1.75211,0.29496,8.1570,8.3177,8.3586,9.5422,9.5744,10.3717,10.3733,10.5028,12.2549,12.5499,94174.0,94172.0,94169.0,94168.0,94167.0,94165.0,94164.0,94163.0,94162.0,94161.0,0.24339,0.15,1.56237,0.57928,0.15933,0.53167,0.80529,1.17503,0.45304,0.44355,0.2434,0.3934,1.9558,2.5350,2.6944,3.2260,4.0313,5.2064,5.6594,6.1029,94172.0,94156.0,0.0000125,9803.86884,2374326617.67160082,,,
"1/11/2025, 10:52:27 AM",BTC,94175.0,94176.0,94177.0,94178.0,94179.0,94180.0,94181.0,94182.0,94184.0,94185.0,8.11699,0.16078,0.20015,1.18361,0.19151,0.79734,0.00159,0.00094,0.13948,1.75211,8.1170,8.2778,8.4779,9.6615,9.8530,10.6504,10.6520,10.6529,10.7924,12.5445,94174.0,94172.0,94171.0,94169.0,94168.0,94164.0,94163.0,94161.0,94160.0,94159.0,0.11741,0.15,0.28356,1.4774,0.23344,0.80529,0.022,0.73059,0.65022,2.01545,0.1174,0.2674,0.5510,2.0284,2.2618,3.0671,3.0891,3.8197,4.4699,6.4854,94172.0,94156.0,0.0000125,9803.86884,2374326617.67160082,,,
"1/11/2025, 10:52:27 AM",BTC,94175.0,94176.0,94177.0,94178.0,94179.0,94180.0,94181.0,94182.0,94184.0,94185.0,9.11699,0.16078,0.20015,1.18361,0.19151,0.79734,0.00159,0.00094,0.12949,1.75211,9.1170,9.2778,9.4779,10.6615,10.8530,11.6504,11.6520,11.6529,11.7824,13.5345,94174.0,94173.0,94171.0,94169.0,94168.0,94165.0,94164.0,94163.0,94161.0,94160.0,0.11741,0.12759,0.35791,1.56237,0.39276,0.53167,0.80529,0.022,0.27757,0.48424,0.1174,0.2450,0.6029,2.1653,2.5580,3.0897,3.8950,3.9170,4.1946,4.6788,94172.0,94156.0,0.0000125,9803.86884,2374326617.67160082,,,
"1/11/2025, 10:52:28 AM",BTC,,,,,,,,,,,,,,,,,,,,,,,,,,,,,,,,,,,,,,,,,,,,,,,,,,,,,,,,,,,,,,,,,,Sell (Ask),94174.0,0.00162
"1/11/2025, 10:52:28 AM",BTC,94175.0,94176.0,94177.0,94178.0,94179.0,94180.0,94181.0,94182.0,94184.0,94185.0,8.11699,0.16078,0.32677,1.18361,0.19151,0.79734,0.00159,0.95678,0.12949,1.75211,8.1170,8.2778,8.6045,9.7881,9.9797,10.7770,10.7786,11.7354,11.8649,13.6170,94174.0,94173.0,94171.0,94169.0,94168.0,94166.0,94165.0,94164.0,94163.0,94161.0,0.11579,0.12759,0.28356,0.16079,0.39276,0.15933,0.53167,0.64596,0.44689,0.01,0.1158,0.2434,0.5269,0.6877,1.0805,1.2398,1.7715,2.4175,2.8643,2.8743,94172.0,94156.0,0.0000125,9803.86884,2374326770.33554077,,,
"1/11/2025, 10:52:28 AM",BTC,94175.0,94176.0,94177.0,94178.0,94179.0,94180.0,94181.0,94182.0,94184.0,94185.0,8.11699,0.16078,0.32677,1.18361,0.19151,0.79734,0.00159,0.95678,1.12949,1.75211,8.1170,8.2778,8.6045,9.7881,9.9797,10.7770,10.7786,11.7354,12.8649,14.6170,94174.0,94173.0,94171.0,94169.0,94168.0,94166.0,94165.0,94164.0,94163.0,94161.0,0.11579,0.12759,0.28356,0.08644,0.39276,0.15933,0.53167,0.64596,0.44689,0.01,0.1158,0.2434,0.5269,0.6134,1.0061,1.1655,1.6971,2.3431,2.7900,2.8000,94172.0,94156.0,0.0000125,9803.86884,2374326770.33554077,,,
"1/11/2025, 10:52:29 AM",BTC,,,,,,,,,,,,,,,,,,,,,,,,,,,,,,,,,,,,,,,,,,,,,,,,,,,,,,,,,,,,,,,,,,Buy (Bid),94175.0,0.00012
"1/11/2025, 10:52:29 AM",BTC,94175.0,94176.0,94177.0,94178.0,94179.0,94180.0,94181.0,94182.0,94184.0,94185.0,8.35523,0.07434,0.33676,1.06324,0.19151,0.82855,0.53326,0.95584,2.59027,1.75211,8.3552,8.4296,8.7663,9.8296,10.0211,10.8496,11.3829,12.3387,14.9290,16.6811,94174.0,94168.0,94164.0,94163.0,94161.0,94159.0,94158.0,94156.0,94155.0,94154.0,0.11579,0.29788,0.12565,0.022,0.01,0.077,1.75516,0.65128,0.45871,0.45306,0.1158,0.4137,0.5393,0.5613,0.5713,0.6483,2.4035,3.0548,3.5135,3.9665,94172.0,94156.0,0.0000125,9803.86908,2374326781.64398098,,,
"1/11/2025, 10:52:29 AM",BTC,94175.0,94176.0,94177.0,94178.0,94179.0,94180.0,94181.0,94182.0,94184.0,94185.0,9.35523,0.07434,0.33676,1.06324,0.19151,0.82855,0.53326,0.95584,1.59027,1.75211,9.3552,9.4296,9.7663,10.8296,11.0211,11.8496,12.3829,13.3387,14.9290,16.6811,94174.0,94169.0,94168.0,94166.0,94164.0,94161.0,94160.0,94159.0,94158.0,94156.0,0.043,0.12861,0.21144,0.08644,0.12565,0.01,0.42491,0.60867,1.75516,0.4853,0.0430,0.1716,0.3831,0.4695,0.5951,0.6051,1.0301,1.6387,3.3939,3.8792,94172.0,94156.0,0.0000125,9803.86908,2374326781.64398098,,,
"1/11/2025, 10:52:30 AM",BTC,94175.0,94176.0,94177.0,94178.0,94179.0,94180.0,94181.0,94182.0,94184.0,94185.0,9.35523,0.07434,0.33676,1.06324,0.19151,0.82855,0.53326,0.95584,1.59027,1.75211,9.3552,9.4296,9.7663,10.8296,11.0211,11.8496,12.3829,13.3387,14.9290,16.6811,94174.0,94169.0,94168.0,94166.0,94164.0,94161.0,94160.0,94159.0,94158.0,94157.0,0.043,0.12861,0.21144,0.08644,0.28498,0.01,0.42491,0.60867,1.75516,0.45304,0.0430,0.1716,0.3831,0.4695,0.7545,0.7645,1.1894,1.7980,3.5532,4.0062,94172.0,94156.0,0.0000125,9803.86908,2374326781.64398098,,,
"1/11/2025, 10:52:31 AM",BTC,94175.0,94176.0,94177.0,94178.0,94179.0,94180.0,94181.0,94182.0,94184.0,94185.0,9.35523,0.07434,0.33676,1.06324,0.19151,1.0079,0.53326,0.95584,1.59027,1.75211,9.3552,9.4296,9.7663,10.8296,11.0211,12.0290,12.5622,13.5181,15.1083,16.8605,94174.0,94169.0,94168.0,94166.0,94164.0,94161.0,94160.0,94159.0,94158.0,94157.0,0.043,0.12861,0.21144,0.08644,0.28498,0.01,0.42491,0.60867,1.75516,0.45304,0.0430,0.1716,0.3831,0.4695,0.7545,0.7645,1.1894,1.7980,3.5532,4.0062,94172.0,94156.0,0.0000125,9803.86908,2374326781.64398098,,,
"1/11/2025, 10:52:31 AM",BTC,94175.0,94176.0,94177.0,94178.0,94179.0,94180.0,94181.0,94182.0,94184.0,94185.0,9.35523,0.07434,0.33676,1.06324,0.19151,1.0079,0.53326,0.95584,1.59027,1.75211,9.3552,9.4296,9.7663,10.8296,11.0211,12.0290,12.5622,13.5181,15.1083,16.8605,94174.0,94169.0,94168.0,94166.0,94164.0,94162.0,94161.0,94159.0,94158.0,94157.0,0.043,0.12861,0.28579,0.4051,0.12565,0.4249,0.01,0.60867,2.2082,0.45304,0.0430,0.1716,0.4574,0.8625,0.9882,1.4131,1.4231,2.0317,4.2399,4.6930,94172.0,94156.0,0.0000125,9803.86908,2374326781.64398098,,,
"1/11/2025, 10:52:32 AM",BTC,94175.0,94176.0,94177.0,94178.0,94179.0,94180.0,94181.0,94182.0,94184.0,94185.0,9.35523,0.07434,0.33676,1.06324,0.19151,1.0079,0.53326,0.95584,1.59027,1.75211,9.3552,9.4296,9.7663,10.8296,11.0211,12.0290,12.5622,13.5181,15.1083,16.8605,94174.0,94169.0,94168.0,94167.0,94166.0,94164.0,94162.0,94161.0,94159.0,94158.0,0.043,0.20296,0.21144,0.15933,0.24577,0.12565,0.4249,0.01,0.077,1.75516,0.0430,0.2460,0.4574,0.6167,0.8625,0.9882,1.4131,1.4231,1.5001,3.2552,94169.0,94153.0,0.0000125,9803.86908,2374326781.64398098,,,
"1/11/2025, 10:52:32 AM",BTC,,,,,,,,,,,,,,,,,,,,,,,,,,,,,,,,,,,,,,,,,,,,,,,,,,,,,,,,,,,,,,,,,,Sell (Ask),94174.0,0.008
"1/11/2025, 10:52:33 AM",BTC,,,,,,,,,,,,,,,,,,,,,,,,,,,,,,,,,,,,,,,,,,,,,,,,,,,,,,,,,,,,,,,,,,Sell (Ask),94174.0,0.00035
"1/11/2025, 10:52:32 AM",BTC,94175.0,94176.0,94177.0,94178.0,94179.0,94180.0,94181.0,94182.0,94184.0,94185.0,9.35523,0.07434,0.33676,1.06324,0.19151,1.0079,0.53326,0.95584,1.59027,1.75211,9.3552,9.4296,9.7663,10.8296,11.0211,12.0290,12.5622,13.5181,15.1083,16.8605,94174.0,94169.0,94168.0,94167.0,94166.0,94164.0,94162.0,94161.0,94160.0,94159.0,0.043,0.20296,0.21144,0.15933,0.24577,0.12565,0.4249,0.01,0.53167,0.077,0.0430,0.2460,0.4574,0.6167,0.8625,0.9882,1.4131,1.4231,1.9547,2.0317,94169.0,94153.0,0.0000125,9803.85308,2374330547.35450077,,,
"1/11/2025, 10:52:33 AM",BTC,94175.0,94176.0,94177.0,94178.0,94179.0,94180.0,94181.0,94182.0,94184.0,94185.0,10.41753,0.07434,0.33676,0.00094,0.19151,1.0079,0.53326,0.95584,1.59027,1.75211,10.4175,10.4919,10.8286,10.8296,11.0211,12.0290,12.5622,13.5181,15.1083,16.8605,94174.0,94170.0,94169.0,94168.0,94166.0,94164.0,94162.0,94161.0,94160.0,94159.0,0.01069,0.07435,0.12861,0.37076,0.24577,0.12565,0.4249,0.01,0.53167,0.53003,0.0107,0.0850,0.2137,0.5844,0.8302,0.9558,1.3807,1.3907,1.9224,2.4524,94169.0,94153.0,0.0000125,9803.85378,2374330580.33745098,,,
"1/11/2025, 10:52:33 AM",BTC,94175.0,94176.0,94177.0,94178.0,94179.0,94180.0,94181.0,94182.0,94184.0,94185.0,10.41753,0.07434,0.33676,0.00094,0.19151,1.0079,0.53326,0.95584,1.80026,1.75211,10.4175,10.4919,10.8286,10.8296,11.0211,12.0290,12.5622,13.5181,15.3183,17.0704,94174.0,94170.0,94169.0,94168.0,94166.0,94164.0,94161.0,94160.0,94159.0,94158.0,0.01069,0.07435,0.12861,0.37076,0.08644,0.55054,0.01,0.53167,0.53003,2.71123,0.0107,0.0850,0.2137,0.5844,0.6708,1.2214,1.2314,1.7631,2.2931,5.0043,94169.0,94153.0,0.0000125,9803.85378,2374330580.33745098,,,
"1/11/2025, 10:52:34 AM",BTC,94175.0,94176.0,94177.0,94178.0,94179.0,94180.0,94181.0,94182.0,94184.0,94185.0,10.41753,0.07434,0.33676,0.00094,0.19151,1.0079,0.53326,0.95584,1.80026,1.75211,10.4175,10.4919,10.8286,10.8296,11.0211,12.0290,12.5622,13.5181,15.3183,17.0704,94174.0,94170.0,94169.0,94168.0,94166.0,94164.0,94161.0,94160.0,94159.0,94158.0,0.01069,0.07435,0.28793,0.37076,0.08644,0.55054,0.01,0.53167,0.53003,2.71123,0.0107,0.0850,0.3730,0.7437,0.8302,1.3807,1.3907,1.9224,2.4524,5.1636,,,,,,,,
"1/11/2025, 10:52:35 AM",BTC,94175.0,94176.0,94177.0,94178.0,94179.0,94180.0,94181.0,94182.0,94184.0,94185.0,10.41753,0.07434,0.33676,0.00094,0.19151,1.0079,0.53326,0.95584,1.80026,1.75211,10.4175,10.4919,10.8286,10.8296,11.0211,12.0290,12.5622,13.5181,15.3183,17.0704,94174.0,94171.0,94169.0,94168.0,94166.0,94164.0,94161.0,94160.0,94159.0,94158.0,0.01069,0.07435,0.28793,0.37076,0.08644,0.55054,0.01,0.53167,0.53003,2.71123,0.0107,0.0850,0.3730,0.7437,0.8302,1.3807,1.3907,1.9224,2.4524,5.1636,,,,,,,,
"1/11/2025, 10:52:35 AM",BTC,94175.0,94176.0,94177.0,94178.0,94179.0,94180.0,94181.0,94182.0,94184.0,94185.0,10.41753,0.07434,0.33676,0.00094,0.19151,1.0079,0.53326,0.95584,1.80026,1.75211,10.4175,10.4919,10.8286,10.8296,11.0211,12.0290,12.5622,13.5181,15.3183,17.0704,94174.0,94171.0,94169.0,94168.0,94166.0,94164.0,94161.0,94160.0,94159.0,94158.0,0.01069,0.07435,0.28793,0.37076,0.08644,0.55054,0.96604,0.53167,0.53003,2.71123,0.0107,0.0850,0.3730,0.7437,0.8302,1.3807,2.3468,2.8784,3.4085,6.1197,,,,,,,,
"1/11/2025, 10:52:36 AM",BTC,94175.0,94176.0,94177.0,94178.0,94179.0,94180.0,94181.0,94182.0,94184.0,94185.0,9.96753,0.07434,0.21014,0.00094,0.19151,1.0079,0.53326,0.95584,1.80026,1.75211,9.9675,10.0419,10.2520,10.2529,10.4445,11.4524,11.9856,12.9415,14.7417,16.4938,94174.0,94170.0,94169.0,94168.0,94166.0,94164.0,94162.0,94161.0,94160.0,94159.0,0.01069,0.15932,0.12861,0.65813,0.51132,0.12565,0.45302,1.41906,0.9847,0.53003,0.0107,0.1700,0.2986,0.9567,1.4681,1.5937,2.0467,3.4658,4.4505,4.9805,,,,,,,,
"1/11/2025, 10:52:36 AM",BTC,,,,,,,,,,,,,,,,,,,,,,,,,,,,,,,,,,,,,,,,,,,,,,,,,,,,,,,,,,,,,,,,,,Buy (Bid),94175.0,0.03996
"1/11/2025, 10:52:36 AM",BTC,94175.0,94176.0,94177.0,94178.0,94179.0,94180.0,94181.0,94182.0,94184.0,94185.0,9.96753,0.07434,0.21014,0.00094,0.19151,1.0079,0.53326,0.95584,1.59027,1.75211,9.9675,10.0419,10.2520,10.2529,10.4445,11.4524,11.9856,12.9415,14.5317,16.2838,94174.0,94171.0,94170.0,94169.0,94168.0,94166.0,94164.0,94162.0,94161.0,94160.0,0.01069,0.07435,0.15932,0.12861,0.65813,0.51132,0.12565,0.45302,1.41906,0.9847,0.0107,0.0850,0.2444,0.3730,1.0311,1.5424,1.6681,2.1211,3.5401,4.5248,,,,,,,,
"1/11/2025, 10:52:37 AM",BTC,94175.0,94176.0,94177.0,94178.0,94179.0,94180.0,94181.0,94182.0,94184.0,94185.0,10.25689,0.07434,0.21014,0.12824,0.19151,1.0079,0.53326,0.95584,1.59027,1.87326,10.2569,10.3312,10.5414,10.6696,10.8611,11.8690,12.4023,13.3581,14.9484,16.8216,94174.0,94172.0,94170.0,94169.0,94168.0,94166.0,94164.0,94161.0,94160.0,94159.0,0.01069,0.07435,0.15932,0.12861,0.65813,0.51132,0.12565,0.96604,0.9847,0.53003,0.0107,0.0850,0.2444,0.3730,1.0311,1.5424,1.6681,2.6341,3.6188,4.1488,,,,,,,,
"1/11/2025, 10:52:38 AM",BTC,,,,,,,,,,,,,,,,,,,,,,,,,,,,,,,,,,,,,,,,,,,,,,,,,,,,,,,,,,,,,,,,,,Sell (Ask),94174.0,0.00069
"1/11/2025, 10:52:38 AM",BTC,94175.0,94176.0,94177.0,94178.0,94179.0,94180.0,94181.0,94182.0,94184.0,94185.0,10.25689,0.07434,0.21014,0.12824,0.19151,1.0079,0.53326,0.95584,1.59027,1.87326,10.2569,10.3312,10.5414,10.6696,10.8611,11.8690,12.4023,13.3581,14.9484,16.8216,94174.0,94172.0,94170.0,94169.0,94168.0,94166.0,94164.0,94161.0,94160.0,94159.0,0.01,0.07435,0.15932,0.12861,0.49881,0.51132,0.12565,0.96604,0.9847,0.53003,0.0100,0.0843,0.2437,0.3723,0.8711,1.3824,1.5081,2.4741,3.4588,3.9888,,,,,,,,
"1/11/2025, 10:52:38 AM",BTC,94175.0,94176.0,94177.0,94178.0,94179.0,94180.0,94181.0,94182.0,94184.0,94185.0,10.25689,0.07434,0.21014,0.12824,0.19151,1.0079,0.53326,0.95584,1.59027,1.87326,10.2569,10.3312,10.5414,10.6696,10.8611,11.8690,12.4023,13.3581,14.9484,16.8216,94174.0,94172.0,94171.0,94170.0,94169.0,94168.0,94166.0,94164.0,94161.0,94160.0,0.01,0.07435,0.15932,0.15932,0.12861,0.49881,0.51132,0.12565,0.96604,0.9847,0.0100,0.0843,0.2437,0.4030,0.5316,1.0304,1.5417,1.6674,2.6334,3.6181,,,,,,,,
"1/11/2025, 10:52:39 AM",BTC,94175.0,94176.0,94177.0,94178.0,94179.0,94180.0,94181.0,94184.0,94185.0,94186.0,10.25689,0.07434,0.21014,0.12824,0.19151,1.0079,0.53326,1.59027,1.87326,0.29496,10.2569,10.3312,10.5414,10.6696,10.8611,11.8690,12.4023,13.9925,15.8658,16.1608,94174.0,94171.0,94169.0,94168.0,94166.0,94164.0,94161.0,94160.0,94159.0,94158.0,0.01,0.15932,0.12861,0.49881,0.08644,0.12565,1.41906,0.9847,0.53003,2.2082,0.0100,0.1693,0.2979,0.7967,0.8832,1.0088,2.4279,3.4126,3.9426,6.1508,,,,,,,,
"1/11/2025, 10:52:39 AM",BTC,,,,,,,,,,,,,,,,,,,,,,,,,,,,,,,,,,,,,,,,,,,,,,,,,,,,,,,,,,,,,,,,,,Buy (Bid),94175.0,0.31865
"1/11/2025, 10:52:39 AM",BTC,94175.0,94177.0,94178.0,94179.0,94180.0,94181.0,94184.0,94185.0,94186.0,94187.0,8.40391,0.04084,0.00094,0.0322,1.0079,0.00159,1.59027,1.7621,0.29496,0.55292,8.4039,8.4447,8.4457,8.4779,9.4858,9.4874,11.0776,12.8397,13.1347,13.6876,94174.0,94172.0,94169.0,94168.0,94166.0,94165.0,94164.0,94163.0,94162.0,94161.0,0.08434,0.15932,0.12861,0.49881,0.08644,0.453,1.08166,0.45302,0.45302,1.41906,0.0843,0.2437,0.3723,0.8711,0.9575,1.4105,2.4922,2.9452,3.3982,4.8173,,,,,,,,
"1/11/2025, 10:52:40 AM",BTC,,,,,,,,,,,,,,,,,,,,,,,,,,,,,,,,,,,,,,,,,,,,,,,,,,,,,,,,,,,,,,,,,,Sell (Ask),94174.0,0.002
"1/11/2025, 10:52:40 AM",BTC,94175.0,94176.0,94177.0,94178.0,94179.0,94180.0,94181.0,94182.0,94184.0,94185.0,8.40391,0.07434,0.04084,0.16025,0.0322,1.1672,0.00159,0.42481,1.59027,1.75211,8.4039,8.4782,8.5191,8.6793,8.7115,9.8787,9.8803,10.3051,11.8954,13.6475,94174.0,94173.0,94172.0,94170.0,94169.0,94168.0,94166.0,94165.0,94164.0,94163.0,0.0687,0.15932,0.15932,0.42486,0.12861,0.49881,0.08644,0.453,1.08166,0.45302,0.0687,0.2280,0.3873,0.8122,0.9408,1.4396,1.5261,1.9791,3.0607,3.5137,,,,,,,,
"1/11/2025, 10:52:40 AM",BTC,94175.0,94177.0,94178.0,94179.0,94180.0,94181.0,94182.0,94184.0,94185.0,94186.0,8.40391,0.04084,0.33338,0.0322,1.1672,0.00159,0.42481,1.59027,1.75211,0.29496,8.4039,8.4447,8.7781,8.8103,9.9775,9.9791,10.4039,11.9942,13.7463,14.0413,94174.0,94173.0,94172.0,94170.0,94169.0,94168.0,94166.0,94165.0,94164.0,94163.0,0.0767,0.15932,0.15932,0.42486,0.12861,0.49881,0.08644,0.453,1.08166,0.45302,0.0767,0.2360,0.3953,0.8202,0.9488,1.4476,1.5341,1.9871,3.0687,3.5217,,,,,,,,
"1/11/2025, 10:52:41 AM",BTC,,,,,,,,,,,,,,,,,,,,,,,,,,,,,,,,,,,,,,,,,,,,,,,,,,,,,,,,,,,,,,,,,,Buy (Bid),94175.0,0.01497
"1/11/2025, 10:52:41 AM",BTC,94175.0,94177.0,94178.0,94179.0,94180.0,94181.0,94182.0,94184.0,94185.0,94186.0,8.38894,0.11518,0.33338,0.0322,1.1672,0.00159,0.42481,1.59027,1.75211,1.29496,8.3889,8.5041,8.8375,8.8697,10.0369,10.0385,10.4633,12.0536,13.8057,15.1006,94174.0,94173.0,94172.0,94170.0,94169.0,94168.0,94166.0,94165.0,94164.0,94163.0,0.0767,0.15932,0.15932,0.42486,0.12861,0.49881,0.08644,0.453,1.08166,0.45302,0.0767,0.2360,0.3953,0.8202,0.9488,1.4476,1.5341,1.9871,3.0687,3.5217,,,,,,,,
"1/11/2025, 10:52:41 AM",BTC,94175.0,94177.0,94178.0,94179.0,94180.0,94181.0,94183.0,94184.0,94185.0,94186.0,8.83894,0.04084,0.17407,0.15716,1.1672,0.00159,0.00999,1.41337,1.75211,1.29496,8.8389,8.8798,9.0538,9.2110,10.3782,10.3798,10.3898,11.8032,13.5553,14.8502,94174.0,94172.0,94170.0,94169.0,94168.0,94166.0,94164.0,94161.0,94160.0,94159.0,0.008,0.15932,0.42486,0.12861,0.49881,0.08644,1.08166,1.41906,0.9847,0.53004,0.0080,0.1673,0.5922,0.7208,1.2196,1.3060,2.3877,3.8068,4.7915,5.3215,,,,,,,,
"1/11/2025, 10:52:42 AM",BTC,94175.0,94176.0,94177.0,94178.0,94179.0,94180.0,94181.0,94183.0,94184.0,94185.0,9.91328,0.15931,0.20015,0.17407,0.15716,1.1672,0.53326,0.00999,1.41337,1.75211,9.9133,10.0726,10.2727,10.4468,10.6040,11.7712,12.3044,12.3144,13.7278,15.4799,94174.0,94172.0,94170.0,94169.0,94168.0,94166.0,94164.0,94161.0,94160.0,94159.0,0.08234,0.31864,0.15932,0.12861,0.49881,0.08644,1.08166,1.41906,0.9847,0.53004,0.0823,0.4010,0.5603,0.6889,1.1877,1.2742,2.3558,3.7749,4.7596,5.2896,,,,,,,,
"1/11/2025, 10:52:43 AM",BTC,94175.0,94177.0,94178.0,94179.0,94180.0,94181.0,94183.0,94184.0,94185.0,94186.0,9.91328,0.20015,0.17407,0.15716,1.1672,0.53326,0.00999,1.41337,1.75211,0.4168,9.9133,10.1134,10.2875,10.4447,11.6119,12.1451,12.1551,13.5685,15.3206,15.7374,94174.0,94172.0,94170.0,94169.0,94168.0,94166.0,94164.0,94162.0,94161.0,94160.0,0.08234,0.15932,0.15932,0.12861,0.49881,0.08644,1.08166,0.45302,1.41906,0.9847,0.0823,0.2417,0.4010,0.5296,1.0284,1.1148,2.1965,2.6495,4.0686,5.0533,,,,,,,,
"1/11/2025, 10:52:43 AM",BTC,94175.0,94177.0,94178.0,94179.0,94180.0,94181.0,94183.0,94184.0,94185.0,94186.0,9.38894,0.04084,0.24841,0.31647,1.0079,0.69256,0.4348,1.41337,1.75211,0.4168,9.3889,9.4298,9.6782,9.9947,11.0026,11.6951,12.1299,13.5433,15.2954,15.7122,94174.0,94173.0,94172.0,94170.0,94169.0,94168.0,94167.0,94166.0,94164.0,94163.0,0.08234,0.15932,0.15932,0.15932,0.12861,0.49881,0.95598,0.08644,0.12565,0.45301,0.0823,0.2417,0.4010,0.5603,0.6889,1.1877,2.1437,2.2301,2.3558,2.8088,,,,,,,,
"1/11/2025, 10:52:44 AM",BTC,94175.0,94177.0,94178.0,94179.0,94180.0,94181.0,94183.0,94184.0,94185.0,94186.0,9.38894,0.04084,0.24841,0.31647,1.0079,0.69256,0.4348,1.41337,1.75211,0.4168,9.3889,9.4298,9.6782,9.9947,11.0026,11.6951,12.1299,13.5433,15.2954,15.7122,94174.0,94173.0,94172.0,94170.0,94169.0,94168.0,94167.0,94166.0,94164.0,94163.0,0.08234,0.15932,0.15932,0.15932,0.12861,0.49881,0.95598,0.08644,0.12565,0.45301,0.0823,0.2417,0.4010,0.5603,0.6889,1.1877,2.1437,2.2301,2.3558,2.8088,,,,,,,,
"1/11/2025, 10:52:44 AM",BTC,,,,,,,,,,,,,,,,,,,,,,,,,,,,,,,,,,,,,,,,,,,,,,,,,,,,,,,,,,,,,,,,,,Sell (Ask),94174.0,0.008
"1/11/2025, 10:52:44 AM",BTC,94175.0,94177.0,94178.0,94179.0,94180.0,94181.0,94183.0,94184.0,94185.0,94186.0,9.46328,0.20015,0.17407,0.15716,1.0079,0.70255,0.00999,1.41337,1.75211,0.4168,9.4633,9.6634,9.8375,9.9947,11.0026,11.7051,11.7151,13.1285,14.8806,15.2974,94174.0,94173.0,94172.0,94170.0,94169.0,94168.0,94167.0,94166.0,94164.0,94161.0,0.04238,0.15932,0.15932,0.15932,0.12861,0.49881,0.95598,0.08644,0.12565,1.41906,0.0424,0.2017,0.3610,0.5203,0.6490,1.1478,2.1037,2.1902,2.3158,3.7349,,,,,,,,
"1/11/2025, 10:52:45 AM",BTC,94175.0,94177.0,94178.0,94179.0,94180.0,94181.0,94183.0,94184.0,94185.0,94186.0,9.46328,0.20015,0.17407,0.31647,1.0079,0.70255,0.00999,1.41337,1.75211,0.4168,9.4633,9.6634,9.8375,10.1540,11.1619,11.8644,11.8744,13.2878,15.0399,15.4567,94174.0,94173.0,94171.0,94170.0,94169.0,94168.0,94167.0,94166.0,94164.0,94161.0,0.04238,0.15932,0.15932,0.15932,0.12861,0.49881,0.95598,0.08644,0.12565,1.41906,0.0424,0.2017,0.3610,0.5203,0.6490,1.1478,2.1037,2.1902,2.3158,3.7349,,,,,,,,
"1/11/2025, 10:52:45 AM",BTC,94175.0,94177.0,94178.0,94179.0,94180.0,94181.0,94183.0,94184.0,94185.0,94186.0,9.46328,0.20015,0.17407,0.31647,1.0079,0.70255,0.00999,1.41337,1.75211,0.4168,9.4633,9.6634,9.8375,10.1540,11.1619,11.8644,11.8744,13.2878,15.0399,15.4567,94174.0,94173.0,94170.0,94169.0,94168.0,94167.0,94166.0,94164.0,94161.0,94160.0,0.04238,0.15932,0.15932,0.12861,0.49881,0.95598,0.08644,0.12565,1.41906,0.45303,0.0424,0.2017,0.3610,0.4896,0.9884,1.9444,2.0309,2.1565,3.5756,4.0286,,,,,,,,
"1/11/2025, 10:52:46 AM",BTC,94175.0,94177.0,94178.0,94179.0,94180.0,94181.0,94183.0,94184.0,94185.0,94186.0,9.46328,0.20015,0.17407,0.31647,1.0079,0.70255,0.00999,1.41337,1.75211,0.4168,9.4633,9.6634,9.8375,10.1540,11.1619,11.8644,11.8744,13.2878,15.0399,15.4567,94174.0,94173.0,94172.0,94170.0,94169.0,94168.0,94167.0,94166.0,94164.0,94162.0,0.04238,0.15932,0.15932,0.15932,0.12861,0.49881,0.95598,0.08644,0.12565,0.45302,0.0424,0.2017,0.3610,0.5203,0.6490,1.1478,2.1037,2.1902,2.3158,2.7689,,,,,,,,
"1/11/2025, 10:52:46 AM",BTC,94175.0,94177.0,94178.0,94179.0,94180.0,94181.0,94183.0,94184.0,94185.0,94186.0,9.38894,0.04084,0.17407,0.15716,1.0079,0.70255,0.00999,1.6251,1.75211,0.4168,9.3889,9.4298,9.6038,9.7610,10.7689,11.4715,11.4814,13.1065,14.8587,15.2755,94174.0,94173.0,94172.0,94170.0,94169.0,94168.0,94167.0,94166.0,94164.0,94163.0,0.04238,0.15932,0.15932,0.15932,0.12861,0.49881,0.95598,0.08644,0.57866,0.45302,0.0424,0.2017,0.3610,0.5203,0.6490,1.1478,2.1037,2.1902,2.7688,3.2219,,,,,,,,
"1/11/2025, 10:52:47 AM",BTC,94175.0,94177.0,94178.0,94179.0,94180.0,94181.0,94183.0,94184.0,94185.0,94186.0,8.38894,0.04084,0.33338,0.15716,1.0079,0.70255,0.00999,1.6251,1.75211,1.4168,8.3889,8.4298,8.7632,8.9203,9.9282,10.6308,10.6408,12.2659,14.0180,15.4348,94174.0,94173.0,94172.0,94170.0,94169.0,94168.0,94167.0,94166.0,94164.0,94163.0,0.04238,0.15932,0.15932,0.15932,0.12861,0.49881,0.95598,0.08644,0.57866,0.45302,0.0424,0.2017,0.3610,0.5203,0.6490,1.1478,2.1037,2.1902,2.7688,3.2219,,,,,,,,
"1/11/2025, 10:52:47 AM",BTC,94175.0,94177.0,94178.0,94179.0,94180.0,94181.0,94183.0,94184.0,94185.0,94186.0,8.38894,0.04084,0.40772,0.15716,1.0079,1.12737,0.00999,1.6251,1.75211,1.4168,8.3889,8.4298,8.8375,8.9947,10.0026,11.1299,11.1399,12.7650,14.5171,15.9339,94174.0,94173.0,94172.0,94170.0,94169.0,94168.0,94167.0,94166.0,94164.0,94163.0,0.04238,0.15932,0.15932,0.15932,0.12861,0.49881,0.95598,0.08644,0.57866,0.45302,0.0424,0.2017,0.3610,0.5203,0.6490,1.1478,2.1037,2.1902,2.7688,3.2219,,,,,,,,
"1/11/2025, 10:52:48 AM",BTC,94175.0,94177.0,94178.0,94179.0,94180.0,94181.0,94183.0,94184.0,94185.0,94186.0,8.38894,0.04084,0.24841,0.15716,1.0079,1.12737,0.00999,1.41337,1.75211,1.4168,8.3889,8.4298,8.6782,8.8353,9.8432,10.9706,10.9806,12.3940,14.1461,15.5629,94174.0,94173.0,94172.0,94170.0,94169.0,94168.0,94167.0,94166.0,94164.0,94163.0,0.04238,0.15932,0.15932,0.15932,0.12861,0.49881,0.95598,0.08644,0.57866,0.45302,0.0424,0.2017,0.3610,0.5203,0.6490,1.1478,2.1037,2.1902,2.7688,3.2219,,,,,,,,
"1/11/2025, 10:52:49 AM",BTC,94175.0,94177.0,94178.0,94179.0,94180.0,94181.0,94183.0,94184.0,94185.0,94186.0,8.38894,0.04084,0.24841,0.31647,1.0079,1.12737,1.00999,1.41337,1.75211,0.4168,8.3889,8.4298,8.6782,8.9947,10.0026,11.1299,12.1399,13.5533,15.3054,15.7222,94174.0,94173.0,94172.0,94170.0,94169.0,94168.0,94167.0,94166.0,94164.0,94163.0,0.04238,0.15932,0.15932,0.15932,0.12861,0.49881,0.95598,0.08644,0.57866,0.45302,0.0424,0.2017,0.3610,0.5203,0.6490,1.1478,2.1037,2.1902,2.7688,3.2219,,,,,,,,
"1/11/2025, 10:52:49 AM",BTC,94175.0,94177.0,94178.0,94179.0,94180.0,94181.0,94183.0,94184.0,94185.0,94186.0,8.38894,0.11518,0.17407,0.53335,1.0079,1.12737,1.00999,1.41337,1.75211,0.4168,8.3889,8.5041,8.6782,9.2115,10.2194,11.3468,12.3568,13.7702,15.5223,15.9391,94174.0,94173.0,94172.0,94170.0,94169.0,94168.0,94167.0,94166.0,94165.0,94164.0,0.04238,0.15932,0.15932,0.15932,0.12861,0.49881,0.95598,0.08644,0.45301,0.57866,0.0424,0.2017,0.3610,0.5203,0.6490,1.1478,2.1037,2.1902,2.6432,3.2218,,,,,,,,
"1/11/2025, 10:52:50 AM",BTC,,,,,,,,,,,,,,,,,,,,,,,,,,,,,,,,,,,,,,,,,,,,,,,,,,,,,,,,,,,,,,,,,,Sell (Ask),94174.0,0.04238
"1/11/2025, 10:52:50 AM",BTC,94172.0,94173.0,94174.0,94175.0,94177.0,94178.0,94179.0,94180.0,94181.0,94183.0,1.70112,0.4375,0.47999,6.10595,0.11518,0.17407,0.53335,0.97669,0.70255,1.00999,1.7011,2.1386,2.6186,8.7246,8.8397,9.0138,9.5472,10.5239,11.2264,12.2364,94171.0,94169.0,94168.0,94167.0,94166.0,94165.0,94164.0,94163.0,94162.0,94161.0,0.45,0.04895,0.49881,0.95598,0.08644,0.45301,0.57866,0.45302,0.45302,1.41906,0.4500,0.4990,0.9978,1.9537,2.0402,2.4932,3.0718,3.5249,3.9779,5.3969,,,,,,,,
"1/11/2025, 10:52:50 AM",BTC,,,,,,,,,,,,,,,,,,,,,,,,,,,,,,,,,,,,,,,,,,,,,,,,,,,,,,,,,,,,,,,,,,Sell (Ask),94171.0,0.01563
"1/11/2025, 10:52:50 AM",BTC,94172.0,94173.0,94175.0,94177.0,94178.0,94179.0,94180.0,94181.0,94183.0,94184.0,4.13863,0.08644,2.94393,0.04084,0.24841,0.37404,1.13599,0.70255,1.00999,1.83817,4.1386,4.2251,7.1690,7.2098,7.4582,7.8323,8.9683,9.6708,10.6808,12.5190,94171.0,94170.0,94169.0,94168.0,94167.0,94166.0,94165.0,94164.0,94163.0,94162.0,0.55618,0.42486,0.04895,1.84442,1.10598,0.53944,0.45301,0.57866,0.45302,0.45302,0.5562,0.9810,1.0300,2.8744,3.9804,4.5198,4.9728,5.5515,6.0045,6.4575,,,,,,,,
"1/11/2025, 10:52:51 AM",BTC,,,,,,,,,,,,,,,,,,,,,,,,,,,,,,,,,,,,,,,,,,,,,,,,,,,,,,,,,,,,,,,,,,Buy (Bid),94172.0,0.04179
"1/11/2025, 10:52:51 AM",BTC,94172.0,94173.0,94174.0,94175.0,94176.0,94177.0,94178.0,94179.0,94180.0,94181.0,6.76035,0.07434,0.07867,3.10324,0.15931,0.04084,0.17407,0.80886,1.12853,1.4991,6.7603,6.8347,6.9134,10.0166,10.1759,10.2167,10.3908,11.1997,12.3282,13.8273,94171.0,94170.0,94168.0,94166.0,94164.0,94161.0,94159.0,94158.0,94157.0,94156.0,0.18053,0.15932,0.37076,0.42488,0.21209,0.96604,0.60867,1.62733,1.31902,1.99762,0.1805,0.3398,0.7106,1.1355,1.3476,2.3136,2.9223,4.5496,5.8686,7.8663,,,,,,,,
"1/11/2025, 10:52:52 AM",BTC,94172.0,94174.0,94175.0,94177.0,94178.0,94179.0,94180.0,94181.0,94183.0,94184.0,7.21035,0.07867,2.94393,0.04084,0.17407,0.38403,1.12853,1.4991,1.0,1.41337,7.2104,7.2890,10.2329,10.2738,10.4479,10.8319,11.9604,13.4595,14.4595,15.8729,94171.0,94169.0,94168.0,94166.0,94164.0,94161.0,94159.0,94158.0,94157.0,94156.0,0.18053,0.15932,0.21144,0.42488,0.21209,0.96604,0.60867,1.62733,0.86598,1.54457,0.1805,0.3398,0.5513,0.9762,1.1883,2.1543,2.7630,4.3903,5.2563,6.8009,,,,,,,,
"1/11/2025, 10:52:52 AM",BTC,94172.0,94173.0,94174.0,94175.0,94177.0,94178.0,94179.0,94180.0,94181.0,94183.0,7.2847,0.15932,0.07867,3.10324,0.46568,0.17407,0.38403,1.12853,1.4991,1.0,7.2847,7.4440,7.5227,10.6259,11.0916,11.2657,11.6497,12.7782,14.2773,15.2773,94171.0,94170.0,94168.0,94167.0,94166.0,94164.0,94161.0,94159.0,94158.0,94157.0,0.18053,0.15932,0.21144,0.15932,0.42488,0.21209,0.97641,0.60867,1.62733,1.31902,0.1805,0.3398,0.5513,0.7106,1.1355,1.3476,2.3240,2.9327,4.5600,5.8790,,,,,,,,
"1/11/2025, 10:52:53 AM",BTC,94172.0,94174.0,94175.0,94177.0,94178.0,94179.0,94180.0,94181.0,94184.0,94185.0,7.2847,0.23799,3.10324,0.47567,0.17407,0.38403,1.12853,1.48911,1.41337,1.75211,7.2847,7.5227,10.6259,11.1016,11.2757,11.6597,12.7882,14.2773,15.6907,17.4428,94171.0,94170.0,94169.0,94168.0,94166.0,94164.0,94161.0,94159.0,94158.0,94157.0,0.18053,0.15932,0.15932,0.21144,0.42488,0.21209,0.96641,0.077,1.62733,0.61902,0.1805,0.3398,0.4992,0.7106,1.1355,1.3476,2.3140,2.3910,4.0183,4.6373,,,,,,,,
"1/11/2025, 10:52:53 AM",BTC,,,,,,,,,,,,,,,,,,,,,,,,,,,,,,,,,,,,,,,,,,,,,,,,,,,,,,,,,,,,,,,,,,Sell (Ask),94171.0,0.01566
"1/11/2025, 10:52:53 AM",BTC,94172.0,94173.0,94174.0,94175.0,94177.0,94178.0,94179.0,94180.0,94181.0,94184.0,8.2847,0.15932,0.07867,3.10324,0.47567,0.17407,0.38403,1.12853,1.48911,1.41337,8.2847,8.4440,8.5227,11.6259,12.1016,12.2757,12.6597,13.7882,15.2773,16.6907,94171.0,94170.0,94169.0,94168.0,94166.0,94164.0,94161.0,94159.0,94158.0,94157.0,0.18053,0.15932,0.15932,0.21144,0.42488,0.21209,0.96641,0.60867,1.62733,0.61902,0.1805,0.3398,0.4992,0.7106,1.1355,1.3476,2.3140,2.9227,4.5500,5.1690,,,,,,,,
"1/11/2025, 10:52:54 AM",BTC,94172.0,94173.0,94174.0,94175.0,94177.0,94178.0,94179.0,94180.0,94181.0,94184.0,8.2847,0.15932,0.07867,3.10324,0.46568,0.17407,0.38403,1.12853,1.48911,1.41337,8.2847,8.4440,8.5227,11.6259,12.0916,12.2657,12.6497,13.7782,15.2674,16.6807,94171.0,94170.0,94169.0,94168.0,94166.0,94164.0,94161.0,94159.0,94158.0,94157.0,0.16487,0.15932,0.15932,0.21144,0.42488,0.21209,0.96641,0.60867,1.62733,0.61902,0.1649,0.3242,0.4835,0.6949,1.1198,1.3319,2.2983,2.9070,4.5343,5.1533,,,,,,,,
"1/11/2025, 10:52:54 AM",BTC,94172.0,94173.0,94174.0,94175.0,94177.0,94178.0,94179.0,94180.0,94181.0,94184.0,7.8347,0.15932,0.07867,3.10324,0.46568,0.17407,0.38403,1.12853,1.48911,1.62876,7.8347,7.9940,8.0727,11.1759,11.6416,11.8157,12.1997,13.3282,14.8173,16.4461,94171.0,94170.0,94169.0,94168.0,94166.0,94164.0,94161.0,94159.0,94158.0,94157.0,0.16487,0.15932,0.15932,0.21144,0.42488,0.21209,0.96641,0.60867,2.08038,0.61902,0.1649,0.3242,0.4835,0.6949,1.1198,1.3319,2.2983,2.9070,4.9874,5.6064,,,,,,,,
"1/11/2025, 10:52:55 AM",BTC,94172.0,94173.0,94174.0,94175.0,94177.0,94178.0,94179.0,94180.0,94181.0,94184.0,7.8347,0.15932,0.07867,3.10324,0.46568,0.17407,0.38403,1.12853,1.48911,1.62876,7.8347,7.9940,8.0727,11.1759,11.6416,11.8157,12.1997,13.3282,14.8173,16.4461,94171.0,94170.0,94169.0,94168.0,94166.0,94164.0,94161.0,94159.0,94158.0,94157.0,0.16487,0.15932,0.15932,0.21144,0.42488,0.21209,0.96641,0.60867,2.08038,0.61902,0.1649,0.3242,0.4835,0.6949,1.1198,1.3319,2.2983,2.9070,4.9874,5.6064,,,,,,,,
"1/11/2025, 10:52:55 AM",BTC,94172.0,94173.0,94174.0,94175.0,94176.0,94177.0,94178.0,94179.0,94180.0,94181.0,7.8347,0.15932,0.07867,3.10324,0.29323,0.46568,0.17407,0.38403,1.12853,1.48911,7.8347,7.9940,8.0727,11.1759,11.4692,11.9348,12.1089,12.4929,13.6215,15.1106,94171.0,94170.0,94169.0,94168.0,94166.0,94164.0,94161.0,94159.0,94158.0,94157.0,0.16487,0.15932,0.15932,0.21144,0.42488,0.21209,0.96641,0.60867,2.08038,0.61902,0.1649,0.3242,0.4835,0.6949,1.1198,1.3319,2.2983,2.9070,4.9874,5.6064,,,,,,,,
"1/11/2025, 10:52:56 AM",BTC,,,,,,,,,,,,,,,,,,,,,,,,,,,,,,,,,,,,,,,,,,,,,,,,,,,,,,,,,,,,,,,,,,Sell (Ask),94171.0,0.00034
"1/11/2025, 10:52:56 AM",BTC,94172.0,94173.0,94174.0,94175.0,94176.0,94177.0,94178.0,94179.0,94180.0,94181.0,7.8347,0.15932,0.368,2.94393,0.29323,0.46568,0.17407,0.38403,1.12853,1.48911,7.8347,7.9940,8.3620,11.3059,11.5992,12.0649,12.2389,12.6230,13.7515,15.2406,94171.0,94169.0,94168.0,94166.0,94164.0,94163.0,94161.0,94159.0,94158.0,94157.0,0.16453,0.31864,0.21144,0.42488,0.12565,0.08644,0.96641,0.60867,2.08038,0.61902,0.1645,0.4832,0.6946,1.1195,1.2451,1.3316,2.2980,2.9067,4.9870,5.6061,,,,,,,,
"1/11/2025, 10:52:56 AM",BTC,,,,,,,,,,,,,,,,,,,,,,,,,,,,,,,,,,,,,,,,,,,,,,,,,,,,,,,,,,,,,,,,,,Sell (Ask),94171.0,0.04179
"1/11/2025, 10:52:56 AM",BTC,94170.0,94172.0,94173.0,94174.0,94175.0,94176.0,94177.0,94178.0,94179.0,94180.0,0.4375,7.2847,0.15932,0.368,2.94393,0.29323,0.04084,0.17407,0.38403,2.12853,0.4375,7.7222,7.8815,8.2495,11.1935,11.4867,11.5275,11.7016,12.0856,14.2141,94168.0,94166.0,94164.0,94163.0,94161.0,94159.0,94158.0,94157.0,94156.0,94155.0,0.21144,0.42488,0.12565,0.08644,0.96641,0.60867,1.62733,0.16598,1.99762,0.46671,0.2114,0.6363,0.7620,0.8484,1.8148,2.4235,4.0508,4.2168,6.2144,6.6811,,,,,,,,
"1/11/2025, 10:52:57 AM",BTC,94169.0,94170.0,94171.0,94172.0,94173.0,94174.0,94175.0,94176.0,94178.0,94179.0,7.00393,0.88287,0.07488,1.47221,0.15932,0.368,3.36877,0.29323,0.17407,0.38403,7.0039,7.8868,7.9617,9.4339,9.5932,9.9612,13.3300,13.6232,13.7973,14.1813,94168.0,94166.0,94164.0,94163.0,94161.0,94159.0,94158.0,94157.0,94156.0,94155.0,0.15932,0.42488,0.12565,0.08644,0.96641,0.60867,1.62733,0.16598,1.99762,0.46671,0.1593,0.5842,0.7098,0.7963,1.7627,2.3714,3.9987,4.1647,6.1623,6.6290,,,,,,,,
"1/11/2025, 10:52:58 AM",BTC,,,,,,,,,,,,,,,,,,,,,,,,,,,,,,,,,,,,,,,,,,,,,,,,,,,,,,,,,,,,,,,,,,Sell (Ask),94166.0,0.00163
"1/11/2025, 10:52:58 AM",BTC,94167.0,94168.0,94169.0,94170.0,94171.0,94172.0,94173.0,94174.0,94175.0,94176.0,5.27014,0.14995,2.00102,0.88287,0.07488,1.47221,0.15932,0.368,2.30477,0.29323,5.2701,5.4201,7.4211,8.3040,8.3789,9.8511,10.0104,10.3784,12.6832,12.9764,94166.0,94164.0,94163.0,94161.0,94159.0,94158.0,94157.0,94156.0,94155.0,94154.0,0.58258,0.12565,0.08644,0.96641,0.60867,1.62733,0.16598,1.99762,0.46671,11.05982,0.5826,0.7082,0.7947,1.7611,2.3697,3.9971,4.1631,6.1607,6.6274,17.6872,,,,,,,,
"1/11/2025, 10:52:58 AM",BTC,94167.0,94168.0,94169.0,94170.0,94171.0,94172.0,94173.0,94174.0,94175.0,94176.0,5.91767,0.23294,1.28088,0.88287,0.07488,1.47221,0.15932,0.368,2.30477,0.29323,5.9177,6.1506,7.4315,8.3144,8.3892,9.8615,10.0208,10.3888,12.6935,12.9868,94166.0,94164.0,94163.0,94161.0,94160.0,94159.0,94158.0,94157.0,94156.0,94155.0,0.26552,0.12565,0.08644,0.96641,0.21492,0.60867,1.62733,0.61903,1.99762,0.45871,0.2655,0.3912,0.4776,1.4440,1.6589,2.2676,3.8949,4.5140,6.5116,6.9703,,,,,,,,
"1/11/2025, 10:52:59 AM",BTC,,,,,,,,,,,,,,,,,,,,,,,,,,,,,,,,,,,,,,,,,,,,,,,,,,,,,,,,,,,,,,,,,,Buy (Bid),94167.0,0.00012
"1/11/2025, 10:52:59 AM",BTC,94167.0,94168.0,94169.0,94170.0,94171.0,94172.0,94173.0,94174.0,94175.0,94176.0,5.91755,0.23294,1.28088,0.88287,0.07488,1.63153,0.15932,0.20869,2.30477,0.29323,5.9176,6.1505,7.4314,8.3142,8.3891,10.0206,10.1800,10.3887,12.6934,12.9867,94166.0,94164.0,94163.0,94161.0,94160.0,94159.0,94158.0,94157.0,94156.0,94155.0,0.33987,0.28498,0.51133,0.96641,0.21492,0.60867,1.62733,0.61903,1.99762,0.45871,0.3399,0.6249,1.1362,2.1026,2.3175,2.9262,4.5535,5.1725,7.1702,7.6289,,,,,,,,
"1/11/2025, 10:52:59 AM",BTC,,,,,,,,,,,,,,,,,,,,,,,,,,,,,,,,,,,,,,,,,,,,,,,,,,,,,,,,,,,,,,,,,,Sell (Ask),94166.0,0.01067
"1/11/2025, 10:52:59 AM",BTC,94167.0,94168.0,94169.0,94170.0,94171.0,94172.0,94174.0,94175.0,94178.0,94179.0,5.40553,0.23294,1.064,0.88287,0.07488,1.02221,0.07867,2.30477,0.17407,0.34184,5.4055,5.6385,6.7025,7.5853,7.6602,8.6824,8.7611,11.0659,11.2399,11.5818,94166.0,94165.0,94164.0,94163.0,94161.0,94160.0,94159.0,94158.0,94157.0,94156.0,0.78987,0.15,0.28498,0.51133,0.01037,0.21492,1.0617,2.08038,0.64086,1.99762,0.7899,0.9399,1.2248,1.7362,1.7466,1.9615,3.0232,5.1036,5.7444,7.7420,,,,,,,,
"1/11/2025, 10:53:00 AM",BTC,94167.0,94168.0,94169.0,94170.0,94171.0,94172.0,94174.0,94175.0,94178.0,94179.0,5.40553,0.23294,1.064,0.95722,0.07488,1.02221,0.23798,2.30477,0.17407,0.34184,5.4055,5.6385,6.7025,7.6597,7.7346,8.7568,8.9948,11.2995,11.4736,11.8154,94166.0,94165.0,94164.0,94163.0,94161.0,94160.0,94159.0,94158.0,94157.0,94156.0,0.7792,0.15,0.28498,0.51133,0.01037,0.21492,1.0617,2.08038,0.64086,1.99762,0.7792,0.9292,1.2142,1.7255,1.7359,1.9508,3.0125,5.0929,5.7337,7.7314,94167.0,94150.0,0.0000125,9802.76616,2374439659.66495037,,,
"1/11/2025, 10:53:01 AM",BTC,94167.0,94168.0,94169.0,94170.0,94171.0,94172.0,94174.0,94175.0,94178.0,94179.0,5.40553,0.25477,1.064,2.01952,0.07488,1.02221,0.23798,1.24247,0.17407,0.34184,5.4055,5.6603,6.7243,8.7438,8.8187,9.8409,10.0789,11.3214,11.4954,11.8373,94166.0,94165.0,94164.0,94163.0,94161.0,94160.0,94159.0,94158.0,94157.0,94156.0,0.3292,0.15,0.28498,0.51133,0.01037,0.21492,0.60867,2.08038,0.16598,1.99763,0.3292,0.4792,0.7642,1.2755,1.2859,1.5008,2.1095,4.1898,4.3558,6.3535,94167.0,94150.0,0.0000125,9802.76616,2374439659.66495037,,,
"1/11/2025, 10:53:01 AM",BTC,94167.0,94168.0,94169.0,94170.0,94171.0,94172.0,94173.0,94174.0,94175.0,94178.0,5.40553,0.25477,1.064,2.01952,0.07488,1.02221,0.15932,0.07867,1.24247,0.17407,5.4055,5.6603,6.7243,8.7438,8.8187,9.8409,10.0002,10.0789,11.3214,11.4954,94166.0,94165.0,94164.0,94163.0,94161.0,94160.0,94159.0,94158.0,94157.0,94156.0,0.7792,0.15,0.28498,0.51133,0.01037,0.21492,0.60867,1.62733,0.61903,1.99763,0.7792,0.9292,1.2142,1.7255,1.7359,1.9508,2.5595,4.1868,4.8058,6.8035,94166.0,94150.0,0.0000125,9802.76616,2374439659.66495037,,,
"1/11/2025, 10:53:02 AM",BTC,94167.0,94168.0,94169.0,94170.0,94171.0,94172.0,94173.0,94174.0,94175.0,94178.0,5.40553,0.25477,1.13835,1.94517,0.07488,1.02221,0.15932,0.07867,1.24247,0.17407,5.4055,5.6603,6.7986,8.7438,8.8187,9.8409,10.0002,10.0789,11.3214,11.4954,94166.0,94165.0,94164.0,94163.0,94161.0,94160.0,94159.0,94158.0,94157.0,94156.0,0.7792,0.15,0.28498,0.51133,0.01037,0.21492,0.60867,1.62733,0.61903,1.99763,0.7792,0.9292,1.2142,1.7255,1.7359,1.9508,2.5595,4.1868,4.8058,6.8035,94166.0,94150.0,0.0000125,9802.76616,2374442607.39831018,,,
"1/11/2025, 10:53:02 AM",BTC,,,,,,,,,,,,,,,,,,,,,,,,,,,,,,,,,,,,,,,,,,,,,,,,,,,,,,,,,,,,,,,,,,Sell (Ask),94166.0,0.03128
"1/11/2025, 10:53:03 AM",BTC,,,,,,,,,,,,,,,,,,,,,,,,,,,,,,,,,,,,,,,,,,,,,,,,,,,,,,,,,,,,,,,,,,Sell (Ask),94166.0,0.00034
"1/11/2025, 10:53:03 AM",BTC,94167.0,94168.0,94169.0,94170.0,94171.0,94172.0,94174.0,94175.0,94178.0,94179.0,5.40553,0.17178,1.14699,1.94517,0.07488,1.02221,0.07867,1.24247,0.17407,0.34184,5.4055,5.5773,6.7243,8.6695,8.7444,9.7666,9.8452,11.0877,11.2618,11.6036,94166.0,94165.0,94164.0,94163.0,94161.0,94160.0,94159.0,94158.0,94157.0,94156.0,0.63054,0.15,0.28498,0.08644,0.01037,0.21492,0.60867,1.79331,0.45305,1.99763,0.6305,0.7805,1.0655,1.1520,1.1623,1.3773,1.9859,3.7792,4.2323,6.2299,94166.0,94150.0,0.0000125,9802.76616,2374442639.43888998,,,
"1/11/2025, 10:53:03 AM",BTC,94167.0,94168.0,94169.0,94170.0,94171.0,94172.0,94173.0,94174.0,94175.0,94176.0,5.40553,0.17178,1.22134,1.94517,0.07488,1.02221,0.15932,0.07867,1.24247,0.28195,5.4055,5.5773,6.7987,8.7438,8.8187,9.8409,10.0002,10.0789,11.3214,11.6033,94166.0,94165.0,94164.0,94163.0,94161.0,94160.0,94159.0,94158.0,94157.0,94156.0,0.63054,0.30933,0.28498,0.08644,0.01037,0.21492,0.60867,2.24635,0.45305,1.99763,0.6305,0.9399,1.2248,1.3113,1.3217,1.5366,2.1452,4.3916,4.8447,6.8423,94166.0,94150.0,0.0000125,9802.76616,2374442639.43888998,,,
"1/11/2025, 10:53:04 AM",BTC,94167.0,94168.0,94169.0,94170.0,94171.0,94172.0,94173.0,94174.0,94175.0,94176.0,5.40553,0.17178,1.14699,1.94517,0.00053,1.02221,0.15932,0.07867,1.24247,0.28195,5.4055,5.5773,6.7243,8.6695,8.6700,9.6922,9.8515,9.9302,11.1727,11.4546,94166.0,94165.0,94164.0,94163.0,94161.0,94160.0,94159.0,94158.0,94157.0,94156.0,0.63054,0.30933,0.28498,0.08644,0.01037,0.21492,0.60867,2.24635,0.45305,1.99763,0.6305,0.9399,1.2248,1.3113,1.3217,1.5366,2.1452,4.3916,4.8447,6.8423,94166.0,94150.0,0.0000125,9802.76616,2374442639.43888998,,,
"1/11/2025, 10:53:05 AM",BTC,94167.0,94168.0,94169.0,94170.0,94171.0,94172.0,94173.0,94174.0,94175.0,94176.0,5.40553,0.17178,1.22134,1.94517,0.15985,1.02221,0.15932,0.2052,1.24247,0.28195,5.4055,5.5773,6.7987,8.7438,8.9037,9.9259,10.0852,10.2904,11.5329,11.8148,94166.0,94165.0,94164.0,94163.0,94161.0,94160.0,94159.0,94158.0,94157.0,94156.0,0.63054,0.30933,0.28498,0.08644,0.43527,0.24613,0.60867,2.24635,0.45305,1.99763,0.6305,0.9399,1.2248,1.3113,1.7466,1.9927,2.6014,4.8477,5.3008,7.2984,94166.0,94150.0,0.0000125,9802.76616,2374442639.43888998,,,
"1/11/2025, 10:53:05 AM",BTC,94167.0,94168.0,94169.0,94170.0,94171.0,94172.0,94173.0,94174.0,94175.0,94178.0,5.11153,0.17178,1.22134,1.94517,0.15985,1.02221,0.15932,0.2052,1.24247,0.17407,5.1115,5.2833,6.5046,8.4498,8.6097,9.6319,9.7912,9.9964,11.2389,11.4129,94166.0,94165.0,94164.0,94163.0,94161.0,94160.0,94159.0,94158.0,94157.0,94156.0,0.63054,0.30933,0.28498,0.08644,0.8883,0.24613,0.60867,2.24635,0.45305,1.99763,0.6305,0.9399,1.2248,1.3113,2.1996,2.4457,3.0544,5.3007,5.7538,7.7514,94166.0,94150.0,0.0000125,9802.76616,2374442639.43888998,,,
"1/11/2025, 10:53:06 AM",BTC,94167.0,94168.0,94169.0,94170.0,94171.0,94172.0,94174.0,94175.0,94178.0,94179.0,4.34153,0.17178,0.08299,1.94517,0.00053,0.88021,0.07867,0.81763,0.17407,0.34184,4.3415,4.5133,4.5963,6.5415,6.5420,7.4222,7.5009,8.3185,8.4926,8.8344,94166.0,94165.0,94164.0,94163.0,94162.0,94161.0,94160.0,94159.0,94158.0,94157.0,0.63054,0.30933,0.28498,0.08644,0.45302,0.8883,0.24613,0.60867,2.24635,0.47488,0.6305,0.9399,1.2248,1.3113,1.7643,2.6526,2.8987,3.5074,5.7538,6.2286,94166.0,94150.0,0.0000125,9802.76616,2374442639.43888998,,,
"1/11/2025, 10:53:06 AM",BTC,94167.0,94168.0,94169.0,94170.0,94171.0,94172.0,94174.0,94175.0,94176.0,94178.0,4.34153,0.05716,0.08299,1.94517,0.00053,0.80256,0.23798,0.81763,0.15931,0.59889,4.3415,4.3987,4.4817,6.4268,6.4274,7.2299,7.4679,8.2855,8.4449,9.0437,94166.0,94165.0,94164.0,94163.0,94162.0,94161.0,94160.0,94159.0,94158.0,94156.0,0.63054,0.30933,0.28498,0.08644,0.45302,0.8883,0.24613,0.60867,2.36725,1.54457,0.6305,0.9399,1.2248,1.3113,1.7643,2.6526,2.8987,3.5074,5.8747,7.4192,94166.0,94150.0,0.0000125,9802.76616,2374442639.43888998,,,
