Last Update,Coin,Ask L1 Price,Ask L2 Price,Ask L3 Price,Ask L4 Price,Ask L5 Price,Ask L6 Price,Ask L7 Price,Ask L8 Price,Ask L9 Price,Ask L10 Price,Ask L1 Size,Ask L2 Size,Ask L3 Size,Ask L4 Size,Ask L5 Size,Ask L6 Size,Ask L7 Size,Ask L8 Size,Ask L9 Size,Ask L10 Size,Ask L1 Cumulative BTC,Ask L2 Cumulative BTC,Ask L3 Cumulative BTC,Ask L4 Cumulative BTC,Ask L5 Cumulative BTC,Ask L6 Cumulative BTC,Ask L7 Cumulative BTC,Ask L8 Cumulative BTC,Ask L9 Cumulative BTC,Ask L10 Cumulative BTC,Bid L1 Price,Bid L2 Price,Bid L3 Price,Bid L4 Price,Bid L5 Price,Bid L6 Price,Bid L7 Price,Bid L8 Price,Bid L9 Price,Bid L10 Price,Bid L1 Size,Bid L2 Size,Bid L3 Size,Bid L4 Size,Bid L5 Size,Bid L6 Size,Bid L7 Size,Bid L8 Size,Bid L9 Size,Bid L10 Size,Bid L1 Cumulative BTC,Bid L2 Cumulative BTC,Bid L3 Cumulative BTC,Bid L4 Cumulative BTC,Bid L5 Cumulative BTC,Bid L6 Cumulative BTC,Bid L7 Cumulative BTC,Bid L8 Cumulative BTC,Bid L9 Cumulative BTC,Bid L10 Cumulative BTC,Mark Price,Oracle Price,Funding Rate,Open Interest,24h Volume,Trade Side,Trade Price,Trade Size
"2/3/2025, 9:45:47 AM",BTC,,,,,,,,,,,,,,,,,,,,,,,,,,,,,,,,,,,,,,,,,,,,,,,,,,,,,,,,,,,,,,,,,,Sell (Ask),94000.0,0.00016
"2/3/2025, 9:46:01 AM",BTC,,,,,,,,,,,,,,,,,,,,,,,,,,,,,,,,,,,,,,,,,,,,,,,,,,,,,,,,,,,,,,,,,,Buy (Bid),94020.0,0.02964
"2/3/2025, 9:46:02 AM",BTC,,,,,,,,,,,,,,,,,,,,,,,,,,,,,,,,,,,,,,,,,,,,,,,,,,,,,,,,,,,,,,,,,,Sell (Ask),94019.0,0.12431
"2/3/2025, 9:46:02 AM",BTC,,,,,,,,,,,,,,,,,,,,,,,,,,,,,,,,,,,,,,,,,,,,,,,,,,,,,,,,,,,,,,,,,,Sell (Ask),94019.0,0.013
"2/3/2025, 9:46:01 AM",BTC,94020.0,94022.0,94024.0,94025.0,94026.0,94027.0,94028.0,94029.0,94030.0,94031.0,5.34828,0.52597,0.58965,2.05309,3.23665,0.42513,0.02116,5.20312,1.62116,0.27023,5.3483,5.8742,6.4639,8.5170,11.7536,12.1788,12.1999,17.4031,19.0242,19.2944,94019.0,94015.0,94014.0,94013.0,94012.0,94009.0,94005.0,94000.0,93999.0,93996.0,3.55717,0.63,0.04063,0.03192,0.01,0.4773,0.19914,0.21242,4.27836,0.22742,3.5572,4.1872,4.2278,4.2597,4.2697,4.7470,4.9462,5.1586,9.4369,9.6644,94010.0,93950.0,0.00001825,9747.5991,4653356986.78278828,,,
"2/3/2025, 9:46:02 AM",BTC,,,,,,,,,,,,,,,,,,,,,,,,,,,,,,,,,,,,,,,,,,,,,,,,,,,,,,,,,,,,,,,,,,Sell (Ask),94019.0,0.11885
"2/3/2025, 9:46:01 AM",BTC,94020.0,94022.0,94024.0,94025.0,94026.0,94027.0,94028.0,94029.0,94030.0,94031.0,5.89386,0.52597,0.37742,2.05309,3.23665,0.42513,0.02116,4.40492,1.62116,0.27023,5.8939,6.4198,6.7973,8.8503,12.0870,12.5121,12.5333,16.9382,18.5594,18.8296,94019.0,94015.0,94014.0,94012.0,94009.0,94005.0,94003.0,94001.0,94000.0,93999.0,3.55717,0.63,0.04063,0.01,0.4773,0.19914,0.03192,0.21223,0.21242,4.27836,3.5572,4.1872,4.2278,4.2378,4.7151,4.9142,4.9462,5.1584,5.3708,9.6492,94010.0,93950.0,0.00001825,9747.5991,4653356986.78278828,,,
"2/3/2025, 9:46:02 AM",BTC,94020.0,94022.0,94024.0,94025.0,94026.0,94027.0,94028.0,94029.0,94030.0,94031.0,2.79981,0.52597,0.37742,1.97805,3.65876,0.42513,0.02116,4.40492,1.77625,0.27023,2.7998,3.3258,3.7032,5.6813,9.3400,9.7651,9.7863,14.1912,15.9675,16.2377,94019.0,94015.0,94014.0,94013.0,94012.0,94009.0,94005.0,94004.0,94003.0,94000.0,3.44169,0.63,0.04063,0.03192,0.01,0.4773,0.19914,0.63,0.231,0.42465,3.4417,4.0717,4.1123,4.1442,4.1542,4.6315,4.8307,5.4607,5.6917,6.1163,94010.0,93950.0,0.00001825,9747.5991,4653356986.78278828,,,
"2/3/2025, 9:46:02 AM",BTC,94020.0,94022.0,94024.0,94025.0,94026.0,94027.0,94028.0,94029.0,94030.0,94031.0,11.76528,10.63809,0.15943,2.19028,3.65876,0.42513,0.02116,4.40492,0.31704,0.27023,11.7653,22.4034,22.5628,24.7531,28.4118,28.8370,28.8581,33.2630,33.5801,33.8503,94019.0,94015.0,94014.0,94011.0,94010.0,94004.0,94003.0,94001.0,94000.0,93999.0,0.97035,0.03192,0.04063,0.01,0.03173,0.82914,0.231,0.5319,0.00033,0.88,0.9704,1.0023,1.0429,1.0529,1.0846,1.9138,2.1448,2.6767,2.6770,3.5570,94010.0,93950.0,0.00001825,9747.5991,4653356986.78278828,,,
"2/3/2025, 9:46:03 AM",BTC,,,,,,,,,,,,,,,,,,,,,,,,,,,,,,,,,,,,,,,,,,,,,,,,,,,,,,,,,,,,,,,,,,Sell (Ask),94005.0,0.012
"2/3/2025, 9:46:03 AM",BTC,94015.0,94016.0,94020.0,94021.0,94022.0,94024.0,94025.0,94026.0,94027.0,94028.0,0.36923,0.73846,7.82903,0.7982,0.82564,0.15943,2.19028,3.65876,0.42513,0.02116,0.3692,1.1077,8.9367,9.7349,10.5606,10.7200,12.9103,16.5690,16.9942,17.0153,94005.0,94004.0,94003.0,94000.0,93999.0,93994.0,93993.0,93992.0,93991.0,93990.0,0.01992,0.63,0.231,0.21223,0.88,0.154,0.2,0.21223,0.53196,0.56386,0.0199,0.6499,0.8809,1.0932,1.9731,2.1271,2.3272,2.5394,3.0713,3.6352,94010.0,93950.0,0.00001825,9747.5991,4653358114.31478786,,,
"2/3/2025, 9:46:03 AM",BTC,,,,,,,,,,,,,,,,,,,,,,,,,,,,,,,,,,,,,,,,,,,,,,,,,,,,,,,,,,,,,,,,,,Buy (Bid),94006.0,0.00399
"2/3/2025, 9:46:04 AM",BTC,,,,,,,,,,,,,,,,,,,,,,,,,,,,,,,,,,,,,,,,,,,,,,,,,,,,,,,,,,,,,,,,,,Buy (Bid),94006.0,0.00207
"2/3/2025, 9:46:03 AM",BTC,94006.0,94010.0,94011.0,94012.0,94013.0,94014.0,94015.0,94018.0,94019.0,94020.0,2.20297,1.40932,1.311,0.861,1.20912,0.117,2.39979,0.1969,1.13636,12.40065,2.2030,3.6123,4.9233,5.7843,6.9934,7.1104,9.5102,9.7071,10.8435,23.2441,94005.0,94002.0,93999.0,93994.0,93992.0,93991.0,93990.0,93989.0,93987.0,93985.0,0.91192,0.00033,0.89,0.784,0.21223,0.53196,1.01386,0.231,0.25059,0.72732,0.9119,0.9123,1.8022,2.5862,2.7985,3.3304,4.3443,4.5753,4.8259,5.5532,94010.0,93950.0,0.00001825,9747.61122,4653358683.71844864,,,
"2/3/2025, 9:46:04 AM",BTC,94006.0,94010.0,94011.0,94013.0,94015.0,94016.0,94019.0,94020.0,94021.0,94022.0,2.94767,0.861,1.311,0.09812,7.61175,0.1969,0.924,11.05128,0.97901,1.39461,2.9477,3.8087,5.1197,5.2178,12.8295,13.0264,13.9504,25.0017,25.9807,27.3753,94005.0,94002.0,94000.0,93998.0,93997.0,93994.0,93992.0,93991.0,93990.0,93989.0,1.034,0.00033,0.21223,0.01,0.03192,0.784,0.21223,0.53196,0.48173,0.231,1.0340,1.0343,1.2466,1.2566,1.2885,2.0725,2.2847,2.8167,3.2984,3.5294,94010.0,93950.0,0.00001825,9747.61122,4653358683.71844864,,,
"2/3/2025, 9:46:04 AM",BTC,94006.0,94008.0,94009.0,94010.0,94011.0,94013.0,94015.0,94017.0,94020.0,94021.0,3.02208,0.15945,0.15945,0.861,1.2862,0.09812,7.65669,0.1969,10.15901,0.18081,3.0221,3.1815,3.3410,4.2020,5.4882,5.5863,13.2430,13.4399,23.5989,23.7797,94005.0,94002.0,94000.0,93998.0,93997.0,93994.0,93992.0,93991.0,93990.0,93989.0,1.03437,0.00033,0.21223,0.01,0.03192,0.784,0.21223,0.53196,0.48173,0.231,1.0344,1.0347,1.2469,1.2569,1.2888,2.0728,2.2851,2.8170,3.2988,3.5298,94005.0,93944.0,0.00001826,9747.61122,4653358683.71844864,,,
"2/3/2025, 9:46:05 AM",BTC,94006.0,94008.0,94010.0,94011.0,94012.0,94013.0,94015.0,94018.0,94020.0,94022.0,0.30961,0.02116,0.63,0.76333,3.19084,0.09812,4.74521,0.1969,0.18682,2.45749,0.3096,0.3308,0.9608,1.7241,4.9149,5.0131,9.7583,9.9552,10.1420,12.5995,94005.0,94002.0,94001.0,94000.0,93998.0,93997.0,93994.0,93992.0,93991.0,93990.0,5.2282,0.21308,0.16057,0.21223,0.01,3.30749,0.784,0.21223,0.53196,0.48173,5.2282,5.4413,5.6018,5.8141,5.8241,9.1316,9.9156,10.1278,10.6598,11.1415,94005.0,93944.0,0.00001826,9747.61122,4653358683.71844864,,,
"2/3/2025, 9:46:06 AM",BTC,,,,,,,,,,,,,,,,,,,,,,,,,,,,,,,,,,,,,,,,,,,,,,,,,,,,,,,,,,,,,,,,,,Buy (Bid),94006.0,0.00012
"2/3/2025, 9:46:06 AM",BTC,94006.0,94016.0,94017.0,94024.0,94025.0,94026.0,94030.0,94031.0,94035.0,94036.0,0.15897,0.14203,0.09812,0.2143,0.53179,1.4467,0.16195,4.38849,1.16171,0.27318,0.1590,0.3010,0.3991,0.6134,1.1452,2.5919,2.7539,7.1424,8.3041,8.5772,94005.0,94004.0,94002.0,94001.0,94000.0,93999.0,93998.0,93997.0,93995.0,93994.0,8.6936,0.02732,0.21308,0.93164,0.70691,0.7982,0.01,3.30749,0.36664,0.784,8.6936,8.7209,8.9340,9.8656,10.5725,11.3707,11.3807,14.6882,15.0549,15.8389,94005.0,93944.0,0.00001826,9747.63684,4653359887.35885906,,,
"2/3/2025, 9:46:06 AM",BTC,,,,,,,,,,,,,,,,,,,,,,,,,,,,,,,,,,,,,,,,,,,,,,,,,,,,,,,,,,,,,,,,,,Buy (Bid),94006.0,0.00016
"2/3/2025, 9:46:06 AM",BTC,94006.0,94019.0,94020.0,94022.0,94024.0,94025.0,94026.0,94030.0,94031.0,94035.0,0.03524,0.0744,0.21434,0.15943,0.3569,0.69121,1.4467,0.58707,0.27023,1.16171,0.0352,0.1096,0.3240,0.4834,0.8403,1.5315,2.9782,3.5653,3.8355,4.9972,94005.0,94004.0,94002.0,94001.0,94000.0,93998.0,93997.0,93996.0,93995.0,93994.0,13.50126,0.10173,0.37254,1.13078,0.50777,0.01,3.52001,0.01224,0.79191,0.784,13.5013,13.6030,13.9755,15.1063,15.6141,15.6241,19.1441,19.1563,19.9482,20.7322,94005.0,93944.0,0.00001826,9747.6548,4653363198.5444994,,,
"2/3/2025, 9:46:07 AM",BTC,94020.0,94024.0,94025.0,94030.0,94031.0,94033.0,94035.0,94036.0,94038.0,94039.0,0.21434,0.3569,0.53179,0.43612,0.27023,4.24746,4.31468,0.07628,0.53067,0.1969,0.2143,0.5712,1.1030,1.5392,1.8094,6.0568,10.3715,10.4478,10.9785,11.1754,94019.0,94018.0,94010.0,94007.0,94006.0,94005.0,94004.0,94003.0,94002.0,94001.0,0.58685,0.55261,0.21223,0.00032,0.0003,15.56883,0.10173,0.19914,0.37254,0.93164,0.5868,1.1395,1.3517,1.3520,1.3523,16.9211,17.0229,17.2220,17.5946,18.5262,94005.0,93944.0,0.00001826,9747.6548,4653363198.5444994,,,
"2/3/2025, 9:46:07 AM",BTC,94020.0,94022.0,94024.0,94025.0,94026.0,94030.0,94031.0,94033.0,94034.0,94035.0,0.28874,0.15943,0.3569,0.53179,0.02116,0.43612,0.27023,6.2562,0.21223,4.31468,0.2887,0.4482,0.8051,1.3369,1.3580,1.7941,2.0644,8.3206,8.5328,12.8475,94019.0,94018.0,94017.0,94016.0,94015.0,94011.0,94010.0,94008.0,94007.0,94005.0,4.43268,2.02579,1.16185,0.53185,0.03173,0.16055,0.48173,0.154,0.63,9.35145,4.4327,6.4585,7.6203,8.1522,8.1839,8.3445,8.8262,8.9802,9.6102,18.9616,94005.0,93944.0,0.00001826,9747.6548,4653363198.5444994,,,
"2/3/2025, 9:46:08 AM",BTC,,,,,,,,,,,,,,,,,,,,,,,,,,,,,,,,,,,,,,,,,,,,,,,,,,,,,,,,,,,,,,,,,,Buy (Bid),94020.0,0.00416
"2/3/2025, 9:46:08 AM",BTC,94020.0,94022.0,94024.0,94025.0,94026.0,94027.0,94030.0,94031.0,94032.0,94033.0,0.56944,0.15943,4.8156,0.53179,0.02116,4.65354,0.43612,0.27023,1.50599,6.2562,0.5694,0.7289,5.5445,6.0763,6.0974,10.7510,11.1871,11.4573,12.9633,19.2195,94019.0,94018.0,94017.0,94016.0,94010.0,94009.0,94008.0,94007.0,94005.0,94004.0,3.01451,0.92219,0.63,0.01,0.69396,0.7,0.154,0.63,2.36654,1.52208,3.0145,3.9367,4.5667,4.5767,5.2707,5.9707,6.1247,6.7547,9.1212,10.6433,94008.0,93947.0,0.00001826,9747.66312,4653363589.42225933,,,
"2/3/2025, 9:46:08 AM",BTC,94020.0,94022.0,94024.0,94025.0,94026.0,94027.0,94030.0,94031.0,94032.0,94033.0,1.5263,0.15943,4.8156,0.53179,0.02116,4.65354,0.43612,0.27023,1.50599,6.2562,1.5263,1.6857,6.5013,7.0331,7.0543,11.7078,12.1439,12.4142,13.9202,20.1764,94019.0,94018.0,94017.0,94016.0,94011.0,94010.0,94009.0,94008.0,94007.0,94005.0,3.02128,0.88,0.63,0.01,0.21223,0.48173,0.7,0.154,0.63,2.29213,3.0213,3.9013,4.5313,4.5413,4.7535,5.2352,5.9352,6.0892,6.7192,9.0114,94008.0,93947.0,0.00001826,9747.66312,4653363589.42225933,,,
"2/3/2025, 9:46:09 AM",BTC,94019.0,94020.0,94022.0,94023.0,94024.0,94025.0,94026.0,94027.0,94030.0,94031.0,0.30262,4.4214,0.25755,0.21223,5.18213,0.57242,0.02116,5.45174,0.15985,0.38434,0.3026,4.7240,4.9816,5.1938,10.3759,10.9483,10.9695,16.4213,16.5811,16.9654,94013.0,94008.0,94007.0,94005.0,94004.0,94001.0,94000.0,93996.0,93995.0,93994.0,0.01,0.154,0.63,1.715,0.53213,0.5319,0.13173,0.01177,0.22646,0.71696,0.0100,0.1640,0.7940,2.5090,3.0411,3.5730,3.7048,3.7165,3.9430,4.6600,94008.0,93947.0,0.00001826,9747.66312,4653363589.42225933,,,
"2/3/2025, 9:46:10 AM",BTC,,,,,,,,,,,,,,,,,,,,,,,,,,,,,,,,,,,,,,,,,,,,,,,,,,,,,,,,,,,,,,,,,,Buy (Bid),94019.0,0.00884
"2/3/2025, 9:46:09 AM",BTC,94019.0,94020.0,94021.0,94022.0,94024.0,94025.0,94026.0,94027.0,94030.0,94031.0,0.45,0.60054,0.0755,0.25755,4.95391,0.53179,0.44629,4.65354,0.15985,10.41946,0.4500,1.0505,1.1260,1.3836,6.3375,6.8693,7.3156,11.9691,12.1290,22.5484,94018.0,94016.0,94011.0,94008.0,94007.0,94005.0,94001.0,94000.0,93998.0,93996.0,1.22037,1.034,0.01,0.154,0.63,1.715,0.5319,0.31276,0.27356,4.56326,1.2204,2.2544,2.2644,2.4184,3.0484,4.7634,5.2953,5.6080,5.8816,10.4448,94008.0,93947.0,0.00001833,9747.6808,4653364420.03749943,,,
"2/3/2025, 9:46:10 AM",BTC,94020.0,94021.0,94022.0,94024.0,94025.0,94026.0,94027.0,94030.0,94031.0,94033.0,0.19003,1.56069,0.25755,4.88011,0.72869,0.02116,4.65354,0.15985,10.20723,2.63874,0.1900,1.7507,2.0083,6.8884,7.6171,7.6382,12.2918,12.4516,22.6589,25.2976,94019.0,94018.0,94017.0,94016.0,94015.0,94013.0,94011.0,94008.0,94007.0,94005.0,0.94208,1.51037,1.33,1.484,0.45,0.231,0.01,0.154,0.63,0.231,0.9421,2.4524,3.7824,5.2664,5.7165,5.9474,5.9574,6.1114,6.7414,6.9724,94008.0,93947.0,0.00001833,9747.6808,4653364420.03749943,,,
"2/3/2025, 9:46:11 AM",BTC,,,,,,,,,,,,,,,,,,,,,,,,,,,,,,,,,,,,,,,,,,,,,,,,,,,,,,,,,,,,,,,,,,Buy (Bid),94020.0,0.02035
"2/3/2025, 9:46:10 AM",BTC,94020.0,94021.0,94022.0,94023.0,94024.0,94025.0,94026.0,94027.0,94029.0,94030.0,5.70032,0.15943,0.25755,0.15943,4.88011,0.53179,0.02116,4.65354,0.95653,0.37208,5.7003,5.8598,6.1173,6.2767,11.1568,11.6886,11.7098,16.3633,17.3199,17.6919,94019.0,94018.0,94016.0,94009.0,94007.0,94006.0,94005.0,94004.0,94002.0,94001.0,1.01293,1.96,0.154,0.03192,0.63,0.45,0.231,0.02732,0.88,0.5319,1.0129,2.9729,3.1269,3.1588,3.7888,4.2388,4.4698,4.4972,5.3772,5.9091,94015.0,93954.0,0.00001833,9747.7215,4653366332.14384937,,,
"2/3/2025, 9:46:11 AM",BTC,94020.0,94021.0,94022.0,94023.0,94024.0,94025.0,94026.0,94027.0,94029.0,94030.0,6.36641,0.15943,2.52157,0.15943,4.88011,0.76932,0.23339,4.65354,0.98845,0.19158,6.3664,6.5258,9.0474,9.2068,14.0870,14.8563,15.0897,19.7432,20.7317,20.9232,94019.0,94008.0,94007.0,94006.0,94005.0,94003.0,94002.0,94001.0,94000.0,93996.0,0.4375,0.03192,0.63,0.45,0.231,0.21223,0.88,0.154,0.13173,0.01177,0.4375,0.4694,1.0994,1.5494,1.7804,1.9927,2.8727,3.0267,3.1584,3.1702,94015.0,93954.0,0.00001833,9747.7215,4653366332.14384937,,,
"2/3/2025, 9:46:12 AM",BTC,94007.0,94008.0,94010.0,94014.0,94016.0,94019.0,94020.0,94022.0,94023.0,94024.0,0.7643,0.18048,0.02116,0.53183,4.23851,0.30011,0.74416,1.46582,0.63,5.07701,0.7643,0.9448,0.9659,1.4978,5.7363,6.0364,6.7805,8.2464,8.8764,13.9534,94006.0,94005.0,94004.0,94003.0,94002.0,94001.0,94000.0,93997.0,93996.0,93994.0,6.00841,1.015,0.871,0.03191,1.33,1.26381,0.3445,0.04063,0.01177,3.27344,6.0084,7.0234,7.8944,7.9263,9.2563,10.5201,10.8646,10.9053,10.9170,14.1905,94015.0,93954.0,0.00001833,9747.7215,4653366332.14384937,,,
"2/3/2025, 9:46:12 AM",BTC,94007.0,94008.0,94009.0,94017.0,94019.0,94020.0,94021.0,94022.0,94023.0,94024.0,0.11876,0.16216,0.55068,0.16216,0.29979,7.53947,0.15943,2.42345,0.15943,4.88011,0.1188,0.2809,0.8316,0.9938,1.2935,8.8330,8.9924,11.4159,11.5753,16.4554,94002.0,94001.0,94000.0,93996.0,93994.0,93992.0,93991.0,93990.0,93989.0,93988.0,0.88,0.154,0.1,0.01177,0.65732,0.21223,0.53196,0.48173,0.231,0.00033,0.8800,1.0340,1.1340,1.1458,1.8031,2.0153,2.5473,3.0290,3.2600,3.2603,94015.0,93954.0,0.00001833,9747.7215,4653366332.14384937,,,
"2/3/2025, 9:46:13 AM",BTC,94023.0,94024.0,94025.0,94028.0,94030.0,94031.0,94034.0,94036.0,94038.0,94039.0,0.1465,0.74607,0.09814,0.07282,0.011,0.17211,0.53172,0.29979,0.231,0.1969,0.1465,0.8926,0.9907,1.0635,1.0745,1.2466,1.7784,2.0781,2.3091,2.5060,94016.0,94013.0,94007.0,94006.0,94005.0,94004.0,94003.0,94002.0,94001.0,94000.0,0.03173,0.24324,0.35642,8.1574,1.13,1.77785,0.30772,6.40407,0.6859,0.46498,0.0317,0.2750,0.6314,8.7888,9.9188,11.6966,12.0044,18.4084,19.0943,19.5593,94015.0,93954.0,0.00001833,9747.7215,4653366332.14384937,,,
"2/3/2025, 9:46:14 AM",BTC,,,,,,,,,,,,,,,,,,,,,,,,,,,,,,,,,,,,,,,,,,,,,,,,,,,,,,,,,,,,,,,,,,Buy (Bid),94025.0,0.00002
"2/3/2025, 9:46:13 AM",BTC,94025.0,94031.0,94032.0,94036.0,94040.0,94044.0,94048.0,94050.0,94052.0,94053.0,0.00002,0.17211,0.14953,0.09812,0.21506,0.53366,0.33491,0.26719,1.16079,0.32063,0.0000,0.1721,0.3217,0.4198,0.6348,1.1685,1.5034,1.7706,2.9314,3.2520,94024.0,94023.0,94022.0,94021.0,94019.0,94017.0,94016.0,94014.0,94011.0,94009.0,3.15015,1.06321,4.50556,1.75901,0.154,0.30454,1.48697,0.31859,0.75938,1.2734,3.1502,4.2134,8.7189,10.4779,10.6319,10.9365,12.4234,12.7420,13.5014,14.7748,94020.0,93959.0,0.00001833,9747.72146,4653366334.02306938,,,
"2/3/2025, 9:46:14 AM",BTC,,,,,,,,,,,,,,,,,,,,,,,,,,,,,,,,,,,,,,,,,,,,,,,,,,,,,,,,,,,,,,,,,,Buy (Bid),94051.0,0.07437
"2/3/2025, 9:46:14 AM",BTC,94040.0,94051.0,94055.0,94056.0,94057.0,94059.0,94060.0,94061.0,94063.0,94064.0,0.07783,0.07437,0.09812,0.16495,0.001,0.15937,0.21472,0.64829,0.7284,0.72845,0.0778,0.1522,0.2503,0.4153,0.4163,0.5756,0.7904,1.4386,2.1671,2.8955,94024.0,94023.0,94022.0,94021.0,94020.0,94019.0,94017.0,94016.0,94015.0,94014.0,11.24496,0.26855,2.92123,1.12714,0.3118,0.36538,0.36784,2.84064,0.03173,0.31875,11.2450,11.5135,14.4347,15.5619,15.8737,16.2391,16.6069,19.4475,19.4793,19.7980,94020.0,93959.0,0.00001833,9753.07678,4653660110.60644913,,,
"2/3/2025, 9:46:15 AM",BTC,,,,,,,,,,,,,,,,,,,,,,,,,,,,,,,,,,,,,,,,,,,,,,,,,,,,,,,,,,,,,,,,,,Buy (Bid),94062.0,0.001
"2/3/2025, 9:46:15 AM",BTC,,,,,,,,,,,,,,,,,,,,,,,,,,,,,,,,,,,,,,,,,,,,,,,,,,,,,,,,,,,,,,,,,,Sell (Ask),94063.0,0.01063
"2/3/2025, 9:46:14 AM",BTC,94062.0,94069.0,94071.0,94072.0,94074.0,94076.0,94078.0,94080.0,94083.0,94084.0,0.001,0.44323,1.4982,3.43519,0.53149,0.63,0.1969,0.43782,0.32748,3.37986,0.0010,0.4442,1.9424,5.3776,5.9091,6.5391,6.7360,7.1738,7.5013,10.8812,94054.0,94053.0,94050.0,94049.0,94043.0,94039.0,94034.0,94031.0,94030.0,94029.0,0.88,0.4375,0.68058,0.4375,0.4375,4.95257,0.4375,0.16052,0.31055,0.31018,0.8800,1.3175,1.9981,2.4356,2.8731,7.8256,8.2631,8.4237,8.7342,9.0444,94020.0,93959.0,0.00001856,9753.0553,4653661213.70858955,,,
"2/3/2025, 9:46:15 AM",BTC,94066.0,94067.0,94069.0,94070.0,94076.0,94084.0,94088.0,94090.0,94091.0,94092.0,0.074,0.07245,0.02166,0.2744,0.44006,0.14782,4.31753,0.09221,0.36627,0.88,0.0740,0.1464,0.1681,0.4425,0.8826,1.0304,5.3479,5.4401,5.8064,6.6864,94065.0,94063.0,94062.0,94061.0,94060.0,94059.0,94057.0,94055.0,94054.0,94051.0,0.72519,2.47681,0.861,3.99215,0.31971,0.45,0.36623,0.59447,1.90951,0.16021,0.7252,3.2020,4.0630,8.0551,8.3749,8.8249,9.1911,9.7856,11.6951,11.8553,94020.0,93959.0,0.00001856,9753.0553,4653661213.70858955,,,
"2/3/2025, 9:46:16 AM",BTC,,,,,,,,,,,,,,,,,,,,,,,,,,,,,,,,,,,,,,,,,,,,,,,,,,,,,,,,,,,,,,,,,,Sell (Ask),94081.0,0.01077
"2/3/2025, 9:46:16 AM",BTC,94082.0,94085.0,94090.0,94092.0,94094.0,94095.0,94096.0,94097.0,94098.0,94099.0,0.18688,1.47336,3.53676,0.001,0.53138,0.47125,0.27135,9.55795,0.08789,1.15953,0.1869,1.6602,5.1970,5.1980,5.7294,6.2006,6.4720,16.0299,16.1178,17.2774,94081.0,94080.0,94076.0,94075.0,94068.0,94066.0,94065.0,94064.0,94063.0,94062.0,3.32434,0.53147,0.154,0.45,1.51037,0.07246,3.77438,0.73173,0.61937,0.231,3.3243,3.8558,4.0098,4.4598,5.9702,6.0426,9.8170,10.5488,11.1681,11.3991,94020.0,93959.0,0.00001856,9753.0553,4653662225.66856003,,,
"2/3/2025, 9:46:16 AM",BTC,,,,,,,,,,,,,,,,,,,,,,,,,,,,,,,,,,,,,,,,,,,,,,,,,,,,,,,,,,,,,,,,,,Sell (Ask),94081.0,0.05318
"2/3/2025, 9:46:16 AM",BTC,94082.0,94084.0,94086.0,94087.0,94089.0,94090.0,94092.0,94094.0,94095.0,94096.0,0.26123,0.15932,0.02116,4.24542,0.42485,0.09221,0.001,0.53138,0.47125,3.14389,0.2612,0.4205,0.4417,4.6871,5.1120,5.2042,5.2052,5.7366,6.2078,9.3517,94081.0,94080.0,94079.0,94078.0,94077.0,94076.0,94075.0,94071.0,94068.0,94066.0,5.36037,0.54147,0.31934,0.45,0.45,0.154,0.03173,0.16017,1.53767,0.07246,5.3604,5.9018,6.2212,6.6712,7.1212,7.2752,7.3069,7.4671,9.0047,9.0772,94071.0,94008.0,0.00001856,9753.0553,4653667222.51453972,,,
"2/3/2025, 9:46:17 AM",BTC,94082.0,94084.0,94086.0,94089.0,94090.0,94091.0,94092.0,94094.0,94095.0,94096.0,0.26123,0.15932,0.02116,4.7945,0.092,1.48929,3.21973,0.53138,0.68348,2.08184,0.2612,0.4205,0.4417,5.2362,5.3282,6.8175,10.0372,10.5686,11.2521,13.3339,94081.0,94080.0,94078.0,94077.0,94076.0,94071.0,94070.0,94069.0,94068.0,94066.0,5.33944,0.54147,0.45,0.45,0.154,0.53151,0.73173,4.58628,1.5373,0.07246,5.3394,5.8809,6.3309,6.7809,6.9349,7.4664,8.1982,12.7844,14.3217,14.3942,94071.0,94008.0,0.00001856,9753.0553,4653667222.51453972,,,
"2/3/2025, 9:46:17 AM",BTC,94082.0,94084.0,94086.0,94089.0,94091.0,94092.0,94095.0,94099.0,94100.0,94101.0,0.18989,0.15932,0.23337,4.81566,1.48929,3.21973,0.53572,3.16686,0.36324,0.02233,0.1899,0.3492,0.5826,5.3982,6.8875,10.1073,10.6430,13.8098,14.1731,14.1954,94081.0,94080.0,94078.0,94077.0,94076.0,94071.0,94070.0,94069.0,94068.0,94066.0,6.74953,0.54147,0.45,0.45,0.19463,0.53151,0.73173,4.58628,1.5373,0.07246,6.7495,7.2910,7.7410,8.1910,8.3856,8.9171,9.6489,14.2352,15.7725,15.8449,94071.0,94008.0,0.00001856,9753.0553,4653667222.51453972,,,
"2/3/2025, 9:46:18 AM",BTC,94082.0,94083.0,94084.0,94086.0,94087.0,94088.0,94089.0,94090.0,94091.0,94092.0,5.98957,4.68105,0.69075,1.70285,0.04063,0.27618,4.81566,0.57317,1.48929,3.21973,5.9896,10.6706,11.3614,13.0642,13.1048,13.3810,18.1967,18.7699,20.2592,23.4789,94081.0,94071.0,94065.0,94063.0,94062.0,94061.0,94060.0,94058.0,94055.0,94052.0,1.2985,0.0319,0.385,0.61937,0.231,1.64256,0.31934,0.0273,0.19914,0.63,1.2985,1.3304,1.7154,2.3348,2.5658,4.2083,4.5277,4.5550,4.7541,5.3841,94071.0,94008.0,0.00001856,9753.0553,4653667222.51453972,,,
"2/3/2025, 9:46:18 AM",BTC,94082.0,94083.0,94084.0,94086.0,94087.0,94088.0,94089.0,94090.0,94091.0,94092.0,17.79337,4.68105,2.6984,1.70285,0.07956,0.21223,4.81566,0.27627,1.48929,3.30656,17.7934,22.4744,25.1728,26.8757,26.9552,27.1675,31.9831,32.2594,33.7487,37.0552,94052.0,94051.0,94050.0,94049.0,94045.0,94044.0,94043.0,94041.0,94040.0,94039.0,0.63,0.56352,0.154,0.55944,0.19914,0.45,0.07438,0.69107,0.36261,0.83158,0.6300,1.1935,1.3475,1.9070,2.1061,2.5561,2.6305,3.3215,3.6842,4.5157,94071.0,94008.0,0.00001856,9753.05554,4653667233.78985977,,,
"2/3/2025, 9:46:19 AM",BTC,,,,,,,,,,,,,,,,,,,,,,,,,,,,,,,,,,,,,,,,,,,,,,,,,,,,,,,,,,,,,,,,,,Buy (Bid),94066.0,0.00012
"2/3/2025, 9:46:19 AM",BTC,,,,,,,,,,,,,,,,,,,,,,,,,,,,,,,,,,,,,,,,,,,,,,,,,,,,,,,,,,,,,,,,,,Sell (Ask),94062.0,0.00033
"2/3/2025, 9:46:19 AM",BTC,,,,,,,,,,,,,,,,,,,,,,,,,,,,,,,,,,,,,,,,,,,,,,,,,,,,,,,,,,,,,,,,,,Sell (Ask),94062.0,0.009
"2/3/2025, 9:46:19 AM",BTC,94063.0,94064.0,94065.0,94066.0,94067.0,94069.0,94070.0,94071.0,94072.0,94077.0,0.60446,0.25286,0.861,1.55219,0.63,0.231,0.861,0.88,0.62624,0.45,0.6045,0.8573,1.7183,3.2705,3.9005,4.1315,4.9925,5.8725,6.4987,6.9487,94062.0,94060.0,94059.0,94058.0,94057.0,94056.0,94055.0,94054.0,94053.0,94052.0,1.04723,0.63,0.63,0.861,1.111,0.88,1.034,0.45,0.45,0.66223,1.0472,1.6772,2.3072,3.1682,4.2792,5.1592,6.1932,6.6432,7.0932,7.7555,94071.0,94008.0,0.00001856,9753.09088,4653668925.08786011,,,
"2/3/2025, 9:46:19 AM",BTC,,,,,,,,,,,,,,,,,,,,,,,,,,,,,,,,,,,,,,,,,,,,,,,,,,,,,,,,,,,,,,,,,,Sell (Ask),94062.0,0.013
"2/3/2025, 9:46:19 AM",BTC,,,,,,,,,,,,,,,,,,,,,,,,,,,,,,,,,,,,,,,,,,,,,,,,,,,,,,,,,,,,,,,,,,Sell (Ask),94062.0,0.011
"2/3/2025, 9:46:19 AM",BTC,,,,,,,,,,,,,,,,,,,,,,,,,,,,,,,,,,,,,,,,,,,,,,,,,,,,,,,,,,,,,,,,,,Sell (Ask),94062.0,0.013
"2/3/2025, 9:46:19 AM",BTC,,,,,,,,,,,,,,,,,,,,,,,,,,,,,,,,,,,,,,,,,,,,,,,,,,,,,,,,,,,,,,,,,,Buy (Bid),94063.0,0.33964
"2/3/2025, 9:46:19 AM",BTC,94063.0,94064.0,94065.0,94066.0,94069.0,94070.0,94071.0,94072.0,94073.0,94077.0,4.04835,0.04063,0.1969,0.04219,0.21223,1.42852,0.88,0.77217,0.95608,0.45,4.0484,4.0890,4.2859,4.3281,4.5403,5.9688,6.8488,7.6210,8.5771,9.0271,94057.0,94056.0,94055.0,94054.0,94053.0,94051.0,94046.0,94042.0,94041.0,94039.0,0.8659,0.88,0.154,0.45,0.45,0.53162,0.01,0.21268,0.53168,0.07561,0.8659,1.7459,1.8999,2.3499,2.7999,3.3315,3.3415,3.5542,4.0859,4.1615,94055.0,93994.0,0.00001859,9752.85934,4653862390.78686047,,,
"2/3/2025, 9:46:20 AM",BTC,,,,,,,,,,,,,,,,,,,,,,,,,,,,,,,,,,,,,,,,,,,,,,,,,,,,,,,,,,,,,,,,,,Buy (Bid),94063.0,0.2
"2/3/2025, 9:46:20 AM",BTC,94063.0,94065.0,94066.0,94070.0,94071.0,94072.0,94073.0,94077.0,94078.0,94079.0,2.13289,0.23753,0.04219,2.69284,10.48902,0.66173,1.75428,0.45,2.70001,0.924,2.1329,2.3704,2.4126,5.1055,15.5945,16.2562,18.0105,18.4605,21.1605,22.0845,94062.0,94060.0,94059.0,94058.0,94057.0,94056.0,94055.0,94052.0,94051.0,94046.0,0.4694,1.034,1.51,0.861,1.7269,2.10418,0.154,0.231,0.53162,0.46,0.4694,1.5034,3.0134,3.8744,5.6013,7.7055,7.8595,8.0905,8.6221,9.0821,94055.0,93994.0,0.00001859,9753.25934,4653881182.98686028,,,
"2/3/2025, 9:46:20 AM",BTC,94063.0,94065.0,94066.0,94070.0,94071.0,94072.0,94073.0,94077.0,94078.0,94079.0,8.06596,0.23753,0.04219,2.90507,10.48902,0.66173,1.75428,0.45,2.70001,0.934,8.0660,8.3035,8.3457,11.2508,21.7398,22.4015,24.1558,24.6058,27.3058,28.2398,94062.0,94058.0,94056.0,94055.0,94052.0,94051.0,94048.0,94046.0,94042.0,94041.0,0.0319,1.034,2.10418,0.154,0.231,0.53162,0.63,0.46,0.42491,0.53168,0.0319,1.0659,3.1701,3.3241,3.5551,4.0867,4.7167,5.1767,5.6016,6.1333,94055.0,93994.0,0.00001859,9753.25934,4653881182.98686028,,,
"2/3/2025, 9:46:22 AM",BTC,,,,,,,,,,,,,,,,,,,,,,,,,,,,,,,,,,,,,,,,,,,,,,,,,,,,,,,,,,,,,,,,,,Buy (Bid),94063.0,0.0003
"2/3/2025, 9:46:22 AM",BTC,,,,,,,,,,,,,,,,,,,,,,,,,,,,,,,,,,,,,,,,,,,,,,,,,,,,,,,,,,,,,,,,,,Buy (Bid),94063.0,0.03171
"2/3/2025, 9:46:21 AM",BTC,94063.0,94065.0,94066.0,94067.0,94069.0,94070.0,94071.0,94072.0,94073.0,94077.0,1.32625,2.28142,0.04219,0.15935,0.42494,2.69284,10.48902,0.66173,1.8278,0.47634,1.3262,3.6077,3.6499,3.8092,4.2341,6.9270,17.4160,18.0777,19.9055,20.3819,94062.0,94058.0,94056.0,94055.0,94052.0,94048.0,94046.0,94042.0,94041.0,94039.0,0.18627,1.034,2.10418,0.154,0.231,0.63,0.45,0.42491,0.53168,0.07561,0.1863,1.2203,3.3244,3.4784,3.7094,4.3394,4.7894,5.2144,5.7460,5.8216,94055.0,93994.0,0.00001859,9753.25934,4653881211.17516041,,,
"2/3/2025, 9:46:23 AM",BTC,,,,,,,,,,,,,,,,,,,,,,,,,,,,,,,,,,,,,,,,,,,,,,,,,,,,,,,,,,,,,,,,,,Buy (Bid),94059.0,0.00025
"2/3/2025, 9:46:22 AM",BTC,94063.0,94065.0,94066.0,94067.0,94069.0,94070.0,94071.0,94072.0,94073.0,94075.0,1.32595,5.53676,0.04219,0.15935,0.42494,2.90507,9.60902,0.66173,1.8278,0.36633,1.3259,6.8627,6.9049,7.0642,7.4892,10.3943,20.0033,20.6650,22.4928,22.8591,94062.0,94058.0,94056.0,94055.0,94052.0,94048.0,94046.0,94042.0,94041.0,94039.0,0.91227,1.034,2.10418,0.154,0.231,0.63,0.45,0.42491,0.53168,0.07561,0.9123,1.9463,4.0504,4.2044,4.4354,5.0654,5.5154,5.9404,6.4720,6.5476,94055.0,93994.0,0.00001859,9753.25934,4653884190.67847061,,,
"2/3/2025, 9:46:22 AM",BTC,94059.0,94063.0,94065.0,94066.0,94067.0,94068.0,94069.0,94070.0,94071.0,94072.0,0.71284,8.0816,5.53676,0.04219,0.15935,0.7982,0.42494,2.90507,9.60902,0.66173,0.7128,8.7944,14.3312,14.3734,14.5327,15.3309,15.7559,18.6609,28.2700,28.9317,94056.0,94048.0,94046.0,94042.0,94041.0,94040.0,94039.0,94038.0,94036.0,94033.0,1.25608,0.63,0.681,0.88,0.53168,0.154,0.07561,0.93048,0.2142,0.15469,1.2561,1.8861,2.5671,3.4471,3.9788,4.1328,4.2084,5.1389,5.3531,5.5077,94055.0,93994.0,0.00001859,9753.25984,4653884247.05507088,,,
"2/3/2025, 9:46:23 AM",BTC,94057.0,94059.0,94060.0,94061.0,94065.0,94066.0,94070.0,94071.0,94072.0,94073.0,0.38228,0.52547,0.39258,0.07684,5.13987,0.23909,2.71517,9.84002,0.66173,1.758,0.3823,0.9078,1.3003,1.3772,6.5170,6.7561,9.4713,19.3113,19.9731,21.7310,94056.0,94048.0,94046.0,94042.0,94041.0,94040.0,94039.0,94038.0,94036.0,94035.0,2.75755,0.63,0.681,1.09223,0.55899,0.154,0.07561,0.93048,0.2142,1.86306,2.7576,3.3876,4.0686,5.1608,5.7198,5.8738,5.9494,6.8799,7.0941,8.9571,94055.0,93994.0,0.00001859,9753.25984,4653884247.05507088,,,
"2/3/2025, 9:46:24 AM",BTC,94060.0,94065.0,94066.0,94068.0,94070.0,94071.0,94072.0,94073.0,94075.0,94077.0,0.02116,10.45888,0.04219,0.21647,2.69284,0.231,0.8269,1.758,0.36633,0.73001,0.0212,10.4800,10.5222,10.7387,13.4315,13.6625,14.4894,16.2474,16.6138,17.3438,94059.0,94058.0,94057.0,94056.0,94053.0,94051.0,94048.0,94046.0,94042.0,94041.0,0.4375,0.4375,0.31934,6.97026,0.21265,0.53162,0.63,0.691,1.09223,0.55899,0.4375,0.8750,1.1943,8.1646,8.3773,8.9089,9.5389,10.2299,11.3221,11.8811,94055.0,93994.0,0.00001859,9753.25984,4653884247.05507088,,,
"2/3/2025, 9:46:24 AM",BTC,94061.0,94066.0,94068.0,94070.0,94073.0,94080.0,94081.0,94082.0,94083.0,94085.0,0.02116,0.04219,0.21647,0.53151,0.07352,1.19212,1.42407,1.33266,0.37484,0.06377,0.0212,0.0634,0.2798,0.8113,0.8849,2.0770,3.5010,4.8337,5.2085,5.2723,94060.0,94059.0,94057.0,94056.0,94054.0,94053.0,94052.0,94051.0,94050.0,94048.0,1.19925,7.84349,0.53157,4.76945,0.04063,0.21265,5.39615,0.53162,0.05904,0.63,1.1992,9.0427,9.5743,14.3438,14.3844,14.5970,19.9932,20.5248,20.5838,21.2138,94056.0,93994.0,0.00001866,9753.25984,4653884247.05507088,,,
"2/3/2025, 9:46:25 AM",BTC,,,,,,,,,,,,,,,,,,,,,,,,,,,,,,,,,,,,,,,,,,,,,,,,,,,,,,,,,,,,,,,,,,Buy (Bid),94066.0,0.00016
"2/3/2025, 9:46:25 AM",BTC,94066.0,94079.0,94080.0,94081.0,94082.0,94083.0,94084.0,94085.0,94088.0,94089.0,0.03704,0.21223,1.04246,0.06711,0.1969,0.29741,2.69992,0.06377,0.00531,0.09812,0.0370,0.2493,1.2917,1.3588,1.5557,1.8531,4.5531,4.6168,4.6221,4.7203,94065.0,94062.0,94061.0,94060.0,94059.0,94058.0,94057.0,94056.0,94054.0,94053.0,3.0044,0.08133,0.21223,5.1619,3.4905,0.88856,0.31934,0.4819,5.32134,0.74478,3.0044,3.0857,3.2980,8.4599,11.9504,12.8389,13.1583,13.6402,18.9615,19.7063,94056.0,93994.0,0.00001866,9753.25984,4653884247.05507088,,,
"2/3/2025, 9:46:25 AM",BTC,94066.0,94078.0,94080.0,94083.0,94088.0,94089.0,94090.0,94091.0,94095.0,94097.0,0.03688,0.15933,0.011,0.42488,0.20221,8.50499,0.75655,0.06587,0.59973,0.06558,0.0369,0.1962,0.2072,0.6321,0.8343,9.3393,10.0958,10.1617,10.7614,10.8270,94065.0,94064.0,94062.0,94061.0,94060.0,94059.0,94057.0,94056.0,94055.0,94054.0,6.83313,0.00032,0.00032,0.74379,3.0771,0.07474,0.31934,0.0319,2.66921,5.32134,6.8331,6.8335,6.8338,7.5776,10.6547,10.7294,11.0487,11.0806,13.7499,19.0712,94056.0,93994.0,0.00001866,9753.25984,4653884262.08883095,,,
"2/3/2025, 9:46:26 AM",BTC,,,,,,,,,,,,,,,,,,,,,,,,,,,,,,,,,,,,,,,,,,,,,,,,,,,,,,,,,,,,,,,,,,Buy (Bid),94066.0,0.00016
"2/3/2025, 9:46:26 AM",BTC,94066.0,94074.0,94080.0,94083.0,94084.0,94089.0,94090.0,94093.0,94095.0,94097.0,0.03688,0.02116,0.011,0.42488,0.21073,5.2888,0.75655,2.20436,0.3875,0.13877,0.0369,0.0580,0.0690,0.4939,0.7046,5.9935,6.7500,8.9544,9.3419,9.4806,94065.0,94062.0,94061.0,94060.0,94057.0,94056.0,94055.0,94054.0,94053.0,94051.0,8.89599,0.21223,5.96386,4.25624,0.51848,0.0319,3.87928,5.28071,0.74478,10.44682,8.8960,9.1082,15.0721,19.3283,19.8468,19.8787,23.7580,29.0387,29.7835,40.2303,94056.0,93994.0,0.00001866,9753.25984,4653884277.12259102,,,
"2/3/2025, 9:46:26 AM",BTC,,,,,,,,,,,,,,,,,,,,,,,,,,,,,,,,,,,,,,,,,,,,,,,,,,,,,,,,,,,,,,,,,,Buy (Bid),94066.0,0.00016
"2/3/2025, 9:46:26 AM",BTC,,,,,,,,,,,,,,,,,,,,,,,,,,,,,,,,,,,,,,,,,,,,,,,,,,,,,,,,,,,,,,,,,,Buy (Bid),94066.0,0.00016
"2/3/2025, 9:46:26 AM",BTC,,,,,,,,,,,,,,,,,,,,,,,,,,,,,,,,,,,,,,,,,,,,,,,,,,,,,,,,,,,,,,,,,,Buy (Bid),94066.0,0.03448
"2/3/2025, 9:46:26 AM",BTC,94075.0,94080.0,94083.0,94084.0,94090.0,94091.0,94092.0,94093.0,94095.0,94096.0,0.15934,0.17033,0.42488,0.21073,0.75655,0.9559,1.88265,2.20436,0.3875,0.29787,0.1593,0.3297,0.7546,0.9653,1.7218,2.6777,4.5604,6.7647,7.1522,7.4501,94065.0,94062.0,94061.0,94060.0,94057.0,94056.0,94055.0,94054.0,94053.0,94052.0,9.68422,3.41785,5.96386,4.54627,0.67785,0.0319,2.00827,5.28071,0.74478,0.15938,9.6842,13.1021,19.0659,23.6122,24.2901,24.3220,26.3302,31.6109,32.3557,32.5151,94056.0,93994.0,0.00001866,9753.47848,4653894714.31047058,,,
"2/3/2025, 9:46:27 AM",BTC,94080.0,94081.0,94083.0,94084.0,94089.0,94090.0,94092.0,94093.0,94094.0,94095.0,0.03216,0.15933,0.42488,0.21073,0.21223,6.06315,1.88265,2.00746,0.1969,0.3875,0.0322,0.1915,0.6164,0.8271,1.0393,7.1025,8.9851,10.9926,11.1895,11.5770,94079.0,94075.0,94074.0,94071.0,94070.0,94069.0,94068.0,94067.0,94066.0,94065.0,2.78587,0.05522,2.88074,1.70629,1.19376,0.53153,0.15416,0.00048,0.75922,5.97254,2.7859,2.8411,5.7218,7.4281,8.6219,9.1534,9.3076,9.3080,10.0673,16.0398,94056.0,93994.0,0.00001866,9753.47848,4653894714.31047058,,,
"2/3/2025, 9:46:27 AM",BTC,94080.0,94083.0,94090.0,94093.0,94094.0,94095.0,94096.0,94097.0,94098.0,94099.0,0.011,0.02116,0.6014,2.00746,3.18607,0.02125,0.49477,0.13877,1.129,0.861,0.0110,0.0322,0.6336,2.6410,5.8271,5.8483,6.3431,6.4819,7.6109,8.4719,94079.0,94077.0,94075.0,94074.0,94071.0,94070.0,94068.0,94066.0,94065.0,94062.0,6.22789,0.2226,0.4375,0.04256,1.38576,0.66223,0.154,0.7591,4.24528,3.41785,6.2279,6.4505,6.8880,6.9306,8.3163,8.9785,9.1325,9.8916,14.1369,17.5548,94066.0,94005.0,0.00001866,9753.47848,4653894714.31047058,,,
"2/3/2025, 9:46:28 AM",BTC,94080.0,94083.0,94085.0,94086.0,94088.0,94090.0,94091.0,94092.0,94093.0,94094.0,2.2362,0.81936,0.04063,3.22708,0.0319,6.04779,1.82722,0.28333,2.00746,3.74923,2.2362,3.0556,3.0962,6.3233,6.3552,12.4030,14.2302,14.5135,16.5210,20.2702,94079.0,94075.0,94074.0,94070.0,94068.0,94065.0,94063.0,94062.0,94061.0,94060.0,1.74241,0.01,0.04219,0.45,0.154,2.345,0.07738,0.24453,0.53156,1.7683,1.7424,1.7524,1.7946,2.2446,2.3986,4.7436,4.8210,5.0655,5.5971,7.3654,94066.0,94005.0,0.00001866,9753.47848,4653894714.31047058,,,
"2/3/2025, 9:46:28 AM",BTC,,,,,,,,,,,,,,,,,,,,,,,,,,,,,,,,,,,,,,,,,,,,,,,,,,,,,,,,,,,,,,,,,,Buy (Bid),94080.0,0.011
"2/3/2025, 9:46:29 AM",BTC,,,,,,,,,,,,,,,,,,,,,,,,,,,,,,,,,,,,,,,,,,,,,,,,,,,,,,,,,,,,,,,,,,Buy (Bid),94083.0,0.00019
"2/3/2025, 9:46:29 AM",BTC,94083.0,94086.0,94089.0,94090.0,94092.0,94093.0,94094.0,94095.0,94097.0,94098.0,4.08304,5.06409,0.0527,6.07952,0.0711,2.00746,6.25193,0.81945,0.08319,1.09392,4.0830,9.1471,9.1998,15.2794,15.3505,17.3579,23.6098,24.4293,24.5125,25.6064,94079.0,94073.0,94072.0,94071.0,94070.0,94068.0,94066.0,94065.0,94063.0,94061.0,2.70995,1.22383,0.03189,0.53151,0.45,0.154,0.21223,2.345,0.18208,0.53156,2.7100,3.9338,3.9657,4.4972,4.9472,5.1012,5.3134,7.6584,7.8405,8.3720,94066.0,94005.0,0.00001866,9753.43654,4654082654.16306019,,,
"2/3/2025, 9:46:29 AM",BTC,94083.0,94088.0,94089.0,94090.0,94092.0,94093.0,94094.0,94095.0,94096.0,94097.0,0.15933,0.42485,0.04219,5.51639,0.0711,2.00746,6.25193,1.11735,0.1969,0.07319,0.1593,0.5842,0.6264,6.1428,6.2139,8.2213,14.4733,15.5906,15.7875,15.8607,94082.0,94081.0,94080.0,94079.0,94072.0,94071.0,94070.0,94069.0,94068.0,94066.0,2.989,2.27245,0.861,5.58988,0.03189,0.53151,0.45,0.01,0.154,0.21223,2.9890,5.2614,6.1224,11.7123,11.7442,12.2757,12.7257,12.7357,12.8897,13.1020,94066.0,94005.0,0.00001866,9753.43654,4654082654.16306019,,,
"2/3/2025, 9:46:30 AM",BTC,,,,,,,,,,,,,,,,,,,,,,,,,,,,,,,,,,,,,,,,,,,,,,,,,,,,,,,,,,,,,,,,,,Buy (Bid),94083.0,0.00021
"2/3/2025, 9:46:30 AM",BTC,94083.0,94088.0,94089.0,94090.0,94092.0,94093.0,94094.0,94095.0,94096.0,94097.0,0.03831,0.42485,1.88208,5.51639,0.28333,2.00746,6.25193,1.11735,0.1969,0.07319,0.0383,0.4632,2.3452,7.8616,8.1450,10.1524,16.4044,17.5217,17.7186,17.7918,94082.0,94081.0,94080.0,94079.0,94072.0,94071.0,94070.0,94069.0,94068.0,94065.0,3.22037,3.49628,0.861,1.484,0.03189,0.53151,0.45,0.01,0.154,8.58981,3.2204,6.7166,7.5776,9.0617,9.0935,9.6251,10.0751,10.0851,10.2391,18.8289,94078.0,94016.0,0.00001869,9753.43696,4654082673.8948698,,,
"2/3/2025, 9:46:30 AM",BTC,94083.0,94084.0,94088.0,94089.0,94090.0,94092.0,94093.0,94094.0,94095.0,94096.0,0.12266,0.15932,0.42485,1.88208,5.51639,0.28333,2.00746,6.25193,1.11735,0.1969,0.1227,0.2820,0.7068,2.5889,8.1053,8.3886,10.3961,16.6480,17.7654,17.9623,94082.0,94081.0,94080.0,94079.0,94071.0,94070.0,94069.0,94068.0,94066.0,94065.0,3.25226,3.49628,0.861,1.484,0.53151,0.45,0.01,0.154,0.21223,8.58981,3.2523,6.7485,7.6095,9.0935,9.6251,10.0751,10.0851,10.2391,10.4513,19.0411,94078.0,94016.0,0.00001869,9753.43696,4654082673.8948698,,,
"2/3/2025, 9:46:31 AM",BTC,,,,,,,,,,,,,,,,,,,,,,,,,,,,,,,,,,,,,,,,,,,,,,,,,,,,,,,,,,,,,,,,,,Buy (Bid),94083.0,0.00166
"2/3/2025, 9:46:31 AM",BTC,94083.0,94084.0,94088.0,94089.0,94090.0,94092.0,94093.0,94094.0,94095.0,94096.0,0.98077,0.15932,0.42485,1.88208,5.51639,0.28333,2.00746,6.25193,0.31915,0.1969,0.9808,1.1401,1.5649,3.4470,8.9634,9.2467,11.2542,17.5061,17.8253,18.0222,94082.0,94081.0,94080.0,94079.0,94071.0,94070.0,94069.0,94068.0,94066.0,94065.0,3.25226,3.49628,0.861,1.484,0.53151,0.45,0.01,0.154,0.21223,8.58981,3.2523,6.7485,7.6095,9.0935,9.6251,10.0751,10.0851,10.2391,10.4513,19.0411,94078.0,94016.0,0.00001869,9753.44028,4654082829.87012959,,,
"2/3/2025, 9:46:32 AM",BTC,,,,,,,,,,,,,,,,,,,,,,,,,,,,,,,,,,,,,,,,,,,,,,,,,,,,,,,,,,,,,,,,,,Sell (Ask),94082.0,0.35
"2/3/2025, 9:46:32 AM",BTC,,,,,,,,,,,,,,,,,,,,,,,,,,,,,,,,,,,,,,,,,,,,,,,,,,,,,,,,,,,,,,,,,,Sell (Ask),94082.0,0.0875
"2/3/2025, 9:46:31 AM",BTC,94083.0,94084.0,94087.0,94088.0,94089.0,94090.0,94092.0,94093.0,94094.0,94095.0,0.55252,0.15932,0.15932,0.42485,1.88208,5.51639,0.28333,2.00746,6.25193,0.31915,0.5525,0.7118,0.8712,1.2960,3.1781,8.6945,8.9778,10.9853,17.2372,17.5564,94082.0,94081.0,94080.0,94079.0,94071.0,94070.0,94069.0,94068.0,94066.0,94065.0,3.25226,3.49628,0.861,1.484,0.53151,0.45,0.01,0.154,0.21223,8.58981,3.2523,6.7485,7.6095,9.0935,9.6251,10.0751,10.0851,10.2391,10.4513,19.0411,94078.0,94016.0,0.00001869,9754.15262,4654126875.02849007,,,
"2/3/2025, 9:46:33 AM",BTC,94065.0,94069.0,94070.0,94071.0,94072.0,94073.0,94074.0,94075.0,94078.0,94079.0,0.38228,0.88,0.91173,0.88,1.51,0.89273,0.861,0.21223,2.06798,0.45,0.3823,1.2623,2.1740,3.0540,4.5640,5.4567,6.3177,6.5300,8.5979,9.0479,94062.0,94060.0,94059.0,94058.0,94057.0,94056.0,94055.0,94051.0,94050.0,94046.0,0.88,2.191,0.861,1.715,0.88,1.34657,0.21223,0.68562,0.63,0.42489,0.8800,3.0710,3.9320,5.6470,6.5270,7.8736,8.0858,8.7714,9.4014,9.8263,94078.0,94016.0,0.00001869,9754.15262,4654126875.02849007,,,
"2/3/2025, 9:46:32 AM",BTC,94083.0,94084.0,94086.0,94087.0,94088.0,94089.0,94090.0,94092.0,94093.0,94094.0,10.58641,7.34255,0.04063,0.15932,0.45675,1.88208,5.55543,0.28333,0.21148,3.55233,10.5864,17.9290,17.9696,18.1289,18.5857,20.4677,26.0232,26.3065,26.5180,30.0703,94082.0,94081.0,94079.0,94070.0,94064.0,94061.0,94060.0,94053.0,94052.0,94051.0,0.875,1.75528,0.45,0.63,0.88,0.53156,0.861,0.03114,0.53213,0.154,0.8750,2.6303,3.0803,3.7103,4.5903,5.1218,5.9828,6.0140,6.5461,6.7001,94078.0,94016.0,0.00001869,9754.15262,4654126875.02849007,,,
"2/3/2025, 9:46:32 AM",BTC,94061.0,94083.0,94084.0,94086.0,94087.0,94088.0,94089.0,94090.0,94091.0,94092.0,0.35,15.09622,10.04221,0.04063,0.15932,0.82276,1.88208,5.88919,9.82287,0.28333,0.3500,15.4462,25.4884,25.5291,25.6884,26.5111,28.3932,34.2824,44.1053,44.3886,94055.0,94051.0,94050.0,94048.0,94046.0,94043.0,94041.0,94039.0,94036.0,94032.0,1.19257,0.68562,0.861,0.0273,0.21223,0.45,0.53168,0.70258,1.09129,0.0727,1.1926,1.8782,2.7392,2.7665,2.9787,3.4287,3.9604,4.6630,5.7543,5.8270,94078.0,94016.0,0.00001869,9754.15262,4654126875.02849007,,,
"2/3/2025, 9:46:33 AM",BTC,94073.0,94079.0,94081.0,94082.0,94083.0,94088.0,94089.0,94092.0,94094.0,94095.0,0.06657,0.36631,0.00531,0.09812,0.45664,0.20817,0.04219,0.0808,0.72839,0.02125,0.0666,0.4329,0.4382,0.5363,0.9929,1.2011,1.2433,1.3241,2.0525,2.0737,94070.0,94069.0,94068.0,94067.0,94065.0,94064.0,94063.0,94062.0,94061.0,94060.0,0.08133,0.08133,1.33289,0.45,0.154,3.4964,1.36462,0.008,0.53172,4.12071,0.0813,0.1627,1.4955,1.9455,2.0995,5.5960,6.9606,6.9686,7.5003,11.6210,94055.0,93994.0,0.00001869,9754.15262,4654127068.58815002,,,
"2/3/2025, 9:46:34 AM",BTC,,,,,,,,,,,,,,,,,,,,,,,,,,,,,,,,,,,,,,,,,,,,,,,,,,,,,,,,,,,,,,,,,,Buy (Bid),94079.0,0.00206
"2/3/2025, 9:46:34 AM",BTC,94080.0,94082.0,94086.0,94088.0,94089.0,94095.0,94098.0,94099.0,94100.0,94102.0,0.21025,0.07435,0.15932,0.20817,0.04219,0.44607,5.55032,5.05797,2.06231,1.06198,0.2102,0.2846,0.4439,0.6521,0.6943,1.1403,6.6907,11.7486,13.8110,14.8729,94078.0,94077.0,94076.0,94075.0,94073.0,94072.0,94071.0,94070.0,94069.0,94068.0,4.5149,0.69079,0.15934,0.45,0.154,3.60984,4.60349,0.16266,0.39105,0.19914,4.5149,5.2057,5.3650,5.8150,5.9690,9.5789,14.1824,14.3450,14.7361,14.9352,94055.0,93994.0,0.00001869,9754.15262,4654127068.58815002,,,
"2/3/2025, 9:46:34 AM",BTC,94088.0,94089.0,94092.0,94094.0,94095.0,94098.0,94099.0,94100.0,94103.0,94104.0,0.36749,0.04219,0.42484,2.02294,0.02125,5.55032,5.05797,2.06231,0.95578,0.21223,0.3675,0.4097,0.8345,2.8575,2.8787,8.4290,13.4870,15.5493,16.5051,16.7173,94087.0,94081.0,94079.0,94078.0,94077.0,94076.0,94075.0,94073.0,94072.0,94071.0,0.38832,0.08133,4.39189,5.68276,1.85371,0.53149,0.45,0.154,4.62656,0.66238,0.3883,0.4697,4.8615,10.5443,12.3980,12.9295,13.3795,13.5335,18.1601,18.8224,94055.0,93994.0,0.0000189,9754.15262,4654127068.58815002,,,
"2/3/2025, 9:46:35 AM",BTC,94089.0,94095.0,94098.0,94099.0,94100.0,94102.0,94103.0,94104.0,94105.0,94107.0,0.01,0.02125,5.55032,5.05797,2.39952,1.0292,1.58578,0.21223,0.88,9.93105,0.0100,0.0313,5.5816,10.6395,13.0391,14.0683,15.6540,15.8663,16.7463,26.6773,94088.0,94087.0,94085.0,94081.0,94079.0,94078.0,94077.0,94072.0,94071.0,94069.0,0.20015,1.92202,1.19257,0.61294,3.49533,3.44814,1.89434,1.4843,0.5688,0.0727,0.2001,2.1222,3.3147,3.9277,7.4230,10.8712,12.7655,14.2498,14.8186,14.8913,94055.0,93994.0,0.0000189,9754.15262,4654127068.58815002,,,
"2/3/2025, 9:46:36 AM",BTC,,,,,,,,,,,,,,,,,,,,,,,,,,,,,,,,,,,,,,,,,,,,,,,,,,,,,,,,,,,,,,,,,,Buy (Bid),94089.0,0.00012
"2/3/2025, 9:46:36 AM",BTC,94089.0,94090.0,94093.0,94094.0,94095.0,94098.0,94099.0,94100.0,94102.0,94103.0,3.16607,0.06562,5.60331,1.90111,0.02125,5.55032,5.05797,2.43125,0.231,1.59578,3.1661,3.2317,8.8350,10.7361,10.7574,16.3077,21.3657,23.7969,24.0279,25.6237,94088.0,94087.0,94085.0,94084.0,94082.0,94081.0,94079.0,94078.0,94071.0,94067.0,1.69704,0.08133,0.08133,1.19257,0.08133,0.61278,0.835,1.04266,0.53151,0.0319,1.6970,1.7784,1.8597,3.0523,3.1336,3.7464,4.5814,5.6240,6.1555,6.1874,94075.0,94012.0,0.0000189,9754.17262,4654128272.22856045,,,
"2/3/2025, 9:46:36 AM",BTC,,,,,,,,,,,,,,,,,,,,,,,,,,,,,,,,,,,,,,,,,,,,,,,,,,,,,,,,,,,,,,,,,,Sell (Ask),94088.0,0.00012
"2/3/2025, 9:46:37 AM",BTC,,,,,,,,,,,,,,,,,,,,,,,,,,,,,,,,,,,,,,,,,,,,,,,,,,,,,,,,,,,,,,,,,,Sell (Ask),94088.0,0.00012
"2/3/2025, 9:46:37 AM",BTC,,,,,,,,,,,,,,,,,,,,,,,,,,,,,,,,,,,,,,,,,,,,,,,,,,,,,,,,,,,,,,,,,,Sell (Ask),94088.0,0.00016
"2/3/2025, 9:46:36 AM",BTC,94089.0,94090.0,94091.0,94092.0,94093.0,94094.0,94095.0,94096.0,94097.0,94098.0,2.97356,0.36524,2.3054,0.37441,5.80021,2.6603,0.55262,10.49979,0.01,5.48442,2.9736,3.3388,5.6442,6.0186,11.8188,14.4791,15.0317,25.5315,25.5415,31.0259,94088.0,94087.0,94081.0,94079.0,94078.0,94077.0,94076.0,94073.0,94072.0,94071.0,0.53133,0.08133,0.53145,0.45,0.08133,0.03189,1.19257,0.63,0.231,0.53151,0.5313,0.6127,1.1441,1.5941,1.6754,1.7073,2.8999,3.5299,3.7609,4.2924,94075.0,94012.0,0.0000189,9754.17494,4654128407.53240108,,,
"2/3/2025, 9:46:37 AM",BTC,,,,,,,,,,,,,,,,,,,,,,,,,,,,,,,,,,,,,,,,,,,,,,,,,,,,,,,,,,,,,,,,,,Sell (Ask),94088.0,0.00085
"2/3/2025, 9:46:37 AM",BTC,94089.0,94090.0,94092.0,94093.0,94094.0,94095.0,94099.0,94100.0,94101.0,94102.0,0.99507,0.29962,0.37441,0.04219,2.25341,0.02125,3.29399,0.19531,0.07429,0.231,0.9951,1.2947,1.6691,1.7113,3.9647,3.9860,7.2799,7.4753,7.5495,7.7805,94088.0,94081.0,94080.0,94079.0,94078.0,94073.0,94072.0,94071.0,94070.0,94069.0,7.7324,0.53145,0.21223,0.45,0.01,0.63,0.231,0.5588,0.24396,1.58,7.7324,8.2638,8.4761,8.9261,8.9361,9.5661,9.7971,10.3559,10.5998,12.1798,94075.0,94012.0,0.0000189,9754.17494,4654128407.53240108,,,
"2/3/2025, 9:46:37 AM",BTC,,,,,,,,,,,,,,,,,,,,,,,,,,,,,,,,,,,,,,,,,,,,,,,,,,,,,,,,,,,,,,,,,,Sell (Ask),94088.0,0.00016
"2/3/2025, 9:46:38 AM",BTC,,,,,,,,,,,,,,,,,,,,,,,,,,,,,,,,,,,,,,,,,,,,,,,,,,,,,,,,,,,,,,,,,,Buy (Bid),94089.0,0.00416
"2/3/2025, 9:46:37 AM",BTC,94089.0,94092.0,94093.0,94094.0,94095.0,94098.0,94099.0,94100.0,94101.0,94103.0,0.1103,0.37441,0.04219,1.83858,0.02125,0.21223,3.29399,0.19531,0.07429,0.95577,0.1103,0.4847,0.5269,2.3655,2.3867,2.5990,5.8930,6.0883,6.1626,7.1183,94088.0,94087.0,94081.0,94079.0,94078.0,94077.0,94073.0,94072.0,94071.0,94070.0,7.73075,0.2781,0.53145,0.45,0.01,5.49504,0.63,0.4436,0.5588,0.46821,7.7307,8.0088,8.5403,8.9903,9.0003,14.4953,15.1253,15.5689,16.1277,16.5959,94075.0,94012.0,0.0000189,9754.18454,4654128953.44581127,,,
"2/3/2025, 9:46:38 AM",BTC,,,,,,,,,,,,,,,,,,,,,,,,,,,,,,,,,,,,,,,,,,,,,,,,,,,,,,,,,,,,,,,,,,Sell (Ask),94088.0,0.00085
"2/3/2025, 9:46:38 AM",BTC,,,,,,,,,,,,,,,,,,,,,,,,,,,,,,,,,,,,,,,,,,,,,,,,,,,,,,,,,,,,,,,,,,Buy (Bid),94089.0,0.0017
"2/3/2025, 9:46:38 AM",BTC,94089.0,94092.0,94093.0,94095.0,94097.0,94099.0,94100.0,94101.0,94102.0,94103.0,0.03596,0.2151,0.04219,0.02125,0.01,0.07314,0.055,0.07429,1.8223,5.29981,0.0360,0.2511,0.2933,0.3145,0.3245,0.3976,0.4526,0.5269,2.3492,7.6490,94088.0,94087.0,94083.0,94081.0,94080.0,94079.0,94078.0,94077.0,94074.0,94073.0,7.87841,0.49067,0.7,0.53145,0.24396,2.30352,3.19683,5.49504,0.01051,0.82914,7.8784,8.3691,9.0691,9.6005,9.8445,12.1480,15.3448,20.8399,20.8504,21.6795,94075.0,94012.0,0.0000189,9754.18454,4654129033.31266117,,,
"2/3/2025, 9:46:38 AM",BTC,94089.0,94090.0,94091.0,94092.0,94095.0,94097.0,94099.0,94100.0,94101.0,94102.0,0.03426,0.07434,0.15931,0.2151,0.02125,0.01,0.07314,0.4798,0.07429,1.8223,0.0343,0.1086,0.2679,0.4830,0.5043,0.5143,0.5874,1.0672,1.1415,2.9638,94088.0,94087.0,94081.0,94080.0,94079.0,94078.0,94077.0,94074.0,94073.0,94072.0,8.57841,0.49067,0.53145,0.24396,2.30352,3.19683,5.49504,0.07436,0.82914,0.39034,8.5784,9.0691,9.6005,9.8445,12.1480,15.3448,20.8399,20.9142,21.7434,22.1337,94087.0,94024.0,0.0000189,9754.18454,4654129193.04636097,,,
"2/3/2025, 9:46:39 AM",BTC,,,,,,,,,,,,,,,,,,,,,,,,,,,,,,,,,,,,,,,,,,,,,,,,,,,,,,,,,,,,,,,,,,Buy (Bid),94089.0,0.00016
"2/3/2025, 9:46:39 AM",BTC,,,,,,,,,,,,,,,,,,,,,,,,,,,,,,,,,,,,,,,,,,,,,,,,,,,,,,,,,,,,,,,,,,Buy (Bid),94089.0,0.00016
"2/3/2025, 9:46:39 AM",BTC,,,,,,,,,,,,,,,,,,,,,,,,,,,,,,,,,,,,,,,,,,,,,,,,,,,,,,,,,,,,,,,,,,Buy (Bid),94089.0,0.00015
"2/3/2025, 9:46:39 AM",BTC,94089.0,94090.0,94091.0,94092.0,94094.0,94095.0,94099.0,94100.0,94101.0,94102.0,0.03317,0.07434,0.15931,0.2151,0.15931,0.44607,0.01,0.055,0.07429,7.08113,0.0332,0.1075,0.2668,0.4819,0.6412,1.0873,1.0973,1.1523,1.2266,8.3077,94088.0,94087.0,94086.0,94083.0,94081.0,94080.0,94079.0,94078.0,94075.0,94074.0,8.57841,0.2781,0.65906,0.04063,0.53145,0.24396,0.45,0.01,0.19914,0.07436,8.5784,8.8565,9.5156,9.5562,10.0877,10.3316,10.7816,10.7916,10.9907,11.0651,94087.0,94024.0,0.0000189,9754.18486,4654129295.46385098,,,
"2/3/2025, 9:46:40 AM",BTC,,,,,,,,,,,,,,,,,,,,,,,,,,,,,,,,,,,,,,,,,,,,,,,,,,,,,,,,,,,,,,,,,,Buy (Bid),94089.0,0.00884
"2/3/2025, 9:46:40 AM",BTC,94089.0,94090.0,94091.0,94092.0,94094.0,94095.0,94096.0,94097.0,94099.0,94100.0,0.97658,0.07434,0.37154,0.2151,0.19994,0.44607,5.48696,1.80365,0.3079,0.5167,0.9766,1.0509,1.4225,1.6376,1.8375,2.2836,7.7705,9.5742,9.8821,10.3988,94088.0,94081.0,94079.0,94078.0,94075.0,94073.0,94072.0,94071.0,94070.0,94069.0,1.87713,0.53145,0.45,0.01,0.03189,0.63,0.231,0.5588,0.03173,0.88,1.8771,2.4086,2.8586,2.8686,2.9005,3.5305,3.7615,4.3203,4.3520,5.2320,94087.0,94024.0,0.00001892,9754.20286,4654130230.37580109,,,
"2/3/2025, 9:46:40 AM",BTC,94089.0,94090.0,94091.0,94092.0,94094.0,94095.0,94096.0,94097.0,94099.0,94100.0,0.02322,0.07434,0.15931,0.2151,3.41661,0.44607,5.55794,1.80365,0.67414,0.30431,0.0232,0.0976,0.2569,0.4720,3.8886,4.3346,9.8926,11.6962,12.3704,12.6747,94088.0,94085.0,94081.0,94079.0,94078.0,94073.0,94072.0,94071.0,94069.0,94068.0,3.61813,0.03189,0.53145,0.45,0.01,0.63,0.231,0.77103,0.88,0.21261,3.6181,3.6500,4.1815,4.6315,4.6415,5.2715,5.5025,6.2735,7.1535,7.3661,94087.0,94024.0,0.00001892,9754.20286,4654130230.37580109,,,
"2/3/2025, 9:46:41 AM",BTC,,,,,,,,,,,,,,,,,,,,,,,,,,,,,,,,,,,,,,,,,,,,,,,,,,,,,,,,,,,,,,,,,,Buy (Bid),94089.0,0.02035
"2/3/2025, 9:46:41 AM",BTC,94089.0,94090.0,94091.0,94092.0,94094.0,94095.0,94096.0,94097.0,94099.0,94100.0,0.95956,0.07434,0.15931,0.2151,0.15931,0.6583,5.55794,1.80365,0.67414,0.27258,0.9596,1.0339,1.1932,1.4083,1.5676,2.2259,7.7839,9.5875,10.2616,10.5342,94088.0,94085.0,94081.0,94079.0,94078.0,94073.0,94072.0,94071.0,94070.0,94069.0,3.17452,0.03189,0.53145,0.45,0.01,0.63,0.231,0.77103,2.09603,0.88,3.1745,3.2064,3.7379,4.1879,4.1979,4.8279,5.0589,5.8299,7.9259,8.8059,94087.0,94024.0,0.00001892,9754.24356,4654132142.48215103,,,
"2/3/2025, 9:46:41 AM",BTC,94089.0,94090.0,94091.0,94092.0,94094.0,94095.0,94096.0,94097.0,94099.0,94100.0,0.95956,0.07434,0.15931,0.2151,3.42686,0.6583,5.55794,1.80365,0.67414,0.27258,0.9596,1.0339,1.1932,1.4083,4.8352,5.4935,11.0514,12.8551,13.5292,13.8018,94088.0,94085.0,94081.0,94079.0,94078.0,94073.0,94072.0,94071.0,94070.0,94069.0,4.28552,0.03189,0.53145,0.45,0.01,0.63,0.231,0.5588,0.24396,1.58,4.2855,4.3174,4.8489,5.2989,5.3089,5.9389,6.1699,6.7287,6.9726,8.5526,94083.0,94020.0,0.00001892,9754.24356,4654132142.48215103,,,
"2/3/2025, 9:46:42 AM",BTC,94089.0,94090.0,94091.0,94092.0,94094.0,94095.0,94096.0,94097.0,94099.0,94100.0,0.85504,0.07434,0.15931,0.2151,0.15931,0.44607,5.55794,1.80365,0.67414,0.27258,0.8550,0.9294,1.0887,1.3038,1.4631,1.9092,7.4671,9.2708,9.9449,10.2175,94088.0,94085.0,94081.0,94079.0,94078.0,94073.0,94072.0,94071.0,94070.0,94069.0,7.39254,0.03189,0.53145,0.45,0.01,0.63,0.231,0.5588,5.59464,3.60569,7.3925,7.4244,7.9559,8.4059,8.4159,9.0459,9.2769,9.8357,15.4303,19.0360,94083.0,94020.0,0.00001892,9754.24356,4654132142.48215103,,,
"2/3/2025, 9:46:42 AM",BTC,94089.0,94090.0,94091.0,94092.0,94094.0,94095.0,94096.0,94097.0,94099.0,94100.0,0.00287,0.07434,0.15931,0.2151,0.15931,0.6583,0.07098,1.80365,0.3079,0.12849,0.0029,0.0772,0.2365,0.4516,0.6109,1.2692,1.3402,3.1439,3.4518,3.5803,94088.0,94085.0,94081.0,94079.0,94078.0,94073.0,94072.0,94071.0,94070.0,94069.0,6.2411,0.03189,0.53145,0.45,0.01,0.63,0.231,0.5588,5.59464,2.90569,6.2411,6.2730,6.8044,7.2544,7.2644,7.8944,8.1254,8.6842,14.2789,17.1846,94083.0,94020.0,0.00001892,9754.24356,4654132142.48215103,,,
"2/3/2025, 9:46:43 AM",BTC,,,,,,,,,,,,,,,,,,,,,,,,,,,,,,,,,,,,,,,,,,,,,,,,,,,,,,,,,,,,,,,,,,Buy (Bid),94089.0,0.00287
"2/3/2025, 9:46:43 AM",BTC,94100.0,94102.0,94109.0,94110.0,94111.0,94112.0,94117.0,94118.0,94119.0,94120.0,0.12716,0.06491,2.14445,0.1858,0.07914,0.04219,1.12476,0.21923,0.35898,0.2739,0.1272,0.1921,2.3365,2.5223,2.6015,2.6437,3.7684,3.9876,4.3466,4.6205,94098.0,94089.0,94088.0,94085.0,94083.0,94081.0,94080.0,94079.0,94078.0,94077.0,0.00435,0.07739,8.20279,0.03189,0.06792,0.53145,0.35697,5.79853,0.42137,3.13794,0.0043,0.0817,8.2845,8.3164,8.3843,8.9158,9.2728,15.0713,15.4927,18.6306,94083.0,94020.0,0.00001892,9754.25196,4654134533.78960133,,,
"2/3/2025, 9:46:44 AM",BTC,,,,,,,,,,,,,,,,,,,,,,,,,,,,,,,,,,,,,,,,,,,,,,,,,,,,,,,,,,,,,,,,,,Buy (Bid),94100.0,0.00556
"2/3/2025, 9:46:43 AM",BTC,94100.0,94102.0,94105.0,94108.0,94109.0,94110.0,94111.0,94112.0,94115.0,94117.0,0.011,0.15929,0.43478,2.09055,0.06363,0.1858,0.07383,0.04219,1.06184,1.02664,0.0110,0.1703,0.6051,2.6956,2.7592,2.9450,3.0189,3.0611,4.1229,5.1495,94099.0,94098.0,94097.0,94093.0,94091.0,94090.0,94089.0,94088.0,94085.0,94083.0,7.7567,0.97323,0.41396,0.45,0.6854,0.07739,0.77739,10.52373,0.07435,0.06792,7.7567,8.7299,9.1439,9.5939,10.2793,10.3567,11.1341,21.6578,21.7321,21.8001,94083.0,94020.0,0.00001892,9754.26308,4654135056.21276093,,,
"2/3/2025, 9:46:44 AM",BTC,94100.0,94107.0,94110.0,94111.0,94114.0,94115.0,94116.0,94117.0,94118.0,94119.0,0.0409,0.01,0.24523,0.07383,0.06972,1.06184,0.07739,1.02664,5.41615,0.21223,0.0409,0.0509,0.2961,0.3700,0.4397,1.5015,1.5789,2.6056,8.0217,8.2339,94099.0,94098.0,94097.0,94096.0,94095.0,94093.0,94092.0,94091.0,94090.0,94088.0,8.78781,0.53573,0.02729,0.21256,1.88202,0.45,0.07656,0.6854,0.21223,9.74385,8.7878,9.3235,9.3508,9.5634,11.4454,11.8954,11.9720,12.6574,12.8696,22.6135,94083.0,94020.0,0.00001892,9754.26308,4654135056.21276093,,,
"2/3/2025, 9:46:44 AM",BTC,,,,,,,,,,,,,,,,,,,,,,,,,,,,,,,,,,,,,,,,,,,,,,,,,,,,,,,,,,,,,,,,,,Buy (Bid),94100.0,0.00544
"2/3/2025, 9:46:45 AM",BTC,,,,,,,,,,,,,,,,,,,,,,,,,,,,,,,,,,,,,,,,,,,,,,,,,,,,,,,,,,,,,,,,,,Buy (Bid),94104.0,0.00086
"2/3/2025, 9:46:44 AM",BTC,94104.0,94106.0,94110.0,94111.0,94114.0,94115.0,94117.0,94118.0,94119.0,94120.0,0.20807,1.81332,0.033,5.38731,1.80686,3.33056,1.02664,5.39382,0.21223,0.15827,0.2081,2.0214,2.0544,7.4417,9.2486,12.5791,13.6058,18.9996,19.2118,19.3701,94099.0,94098.0,94097.0,94096.0,94093.0,94091.0,94090.0,94088.0,94087.0,94081.0,7.71153,0.53573,0.02729,0.16272,0.45,0.88454,0.03173,2.345,0.39937,1.11035,7.7115,8.2473,8.2746,8.4373,8.8873,9.7718,9.8035,12.1485,12.5479,13.6583,94099.0,94036.0,0.00001893,9752.96934,4654326902.02412128,,,
"2/3/2025, 9:46:45 AM",BTC,94104.0,94110.0,94111.0,94114.0,94115.0,94116.0,94117.0,94118.0,94119.0,94120.0,0.01,0.42201,5.45164,1.80686,3.33056,0.7284,0.29824,0.9951,0.21223,0.31112,0.0100,0.4320,5.8837,7.6905,11.0211,11.7495,12.0477,13.0428,13.2550,13.5662,94103.0,94102.0,94101.0,94100.0,94099.0,94098.0,94093.0,94091.0,94087.0,94081.0,1.09317,1.311,3.0353,2.191,0.72264,0.00435,0.45,0.6854,0.02729,0.74368,1.0932,2.4042,5.4395,7.6305,8.3531,8.3575,8.8075,9.4929,9.5201,10.2638,94099.0,94036.0,0.00001893,9752.96934,4654326902.02412128,,,
"2/3/2025, 9:46:46 AM",BTC,94104.0,94105.0,94106.0,94110.0,94111.0,94113.0,94114.0,94115.0,94116.0,94117.0,0.54157,0.01,0.46464,0.20978,5.45164,0.21223,2.76252,3.26797,0.7284,0.29824,0.5416,0.5516,1.0162,1.2260,6.6776,6.8899,9.6524,12.9204,13.6488,13.9470,94103.0,94102.0,94101.0,94099.0,94098.0,94092.0,94091.0,94089.0,94087.0,94081.0,3.22871,2.345,3.0663,2.75225,0.00435,0.17683,0.5314,0.21223,0.02729,0.74368,3.2287,5.5737,8.6400,11.3923,11.3966,11.5734,12.1048,12.3171,12.3444,13.0880,94099.0,94036.0,0.00001893,9752.96962,4654326915.17866135,,,
"2/3/2025, 9:46:46 AM",BTC,,,,,,,,,,,,,,,,,,,,,,,,,,,,,,,,,,,,,,,,,,,,,,,,,,,,,,,,,,,,,,,,,,Sell (Ask),94103.0,0.00014
"2/3/2025, 9:46:46 AM",BTC,94104.0,94105.0,94106.0,94108.0,94109.0,94110.0,94111.0,94114.0,94115.0,94116.0,0.97907,0.01,0.42477,0.20838,1.83086,0.20978,5.45164,2.76252,3.26797,0.7284,0.9791,0.9891,1.4138,1.6222,3.4531,3.6629,9.1145,11.8770,15.1450,15.8734,94103.0,94102.0,94101.0,94099.0,94098.0,94092.0,94091.0,94089.0,94087.0,94084.0,4.70215,2.345,2.98891,0.36123,0.00435,0.17683,0.5314,0.21223,0.72729,2.09252,4.7021,7.0472,10.0361,10.3973,10.4016,10.5785,11.1099,11.3221,12.0494,14.1419,94099.0,94036.0,0.00001893,9752.96962,4654326915.17866135,,,
"2/3/2025, 9:46:47 AM",BTC,94104.0,94105.0,94106.0,94107.0,94108.0,94110.0,94111.0,94113.0,94114.0,94115.0,1.2474,0.01,0.42477,3.2779,0.20838,0.20978,5.45164,0.21223,2.76252,3.26797,1.2474,1.2574,1.6822,4.9601,5.1684,5.3782,10.8299,11.0421,13.8046,17.0726,94103.0,94102.0,94101.0,94099.0,94098.0,94097.0,94091.0,94090.0,94087.0,94084.0,2.46571,2.02757,1.56534,0.32934,0.00435,0.03189,1.1614,0.231,0.02729,0.20928,2.4657,4.4933,6.0586,6.3880,6.3923,6.4242,7.5856,7.8166,7.8439,8.0532,94099.0,94036.0,0.00001893,9752.96962,4654326915.17866135,,,
"2/3/2025, 9:46:47 AM",BTC,94104.0,94105.0,94106.0,94108.0,94110.0,94111.0,94114.0,94115.0,94116.0,94117.0,2.69365,0.01,0.42477,0.36766,0.20978,5.45164,2.76252,3.26797,0.7284,0.29824,2.6936,2.7036,3.1284,3.4961,3.7059,9.1575,11.9200,15.1880,15.9164,16.2146,94103.0,94102.0,94101.0,94099.0,94098.0,94097.0,94091.0,94090.0,94087.0,94086.0,2.42071,0.154,1.87791,0.32934,0.00435,0.03189,1.1614,0.231,0.47729,0.88,2.4207,2.5747,4.4526,4.7820,4.7863,4.8182,5.9796,6.2106,6.6879,7.5679,94102.0,94039.0,0.00001893,9752.96962,4654326915.17866135,,,
"2/3/2025, 9:46:48 AM",BTC,94104.0,94105.0,94106.0,94108.0,94110.0,94111.0,94113.0,94114.0,94115.0,94116.0,2.38116,0.01,0.42477,2.23619,0.20978,5.45164,1.01043,2.76252,3.26797,0.7284,2.3812,2.3912,2.8159,5.0521,5.2619,10.7135,11.7240,14.4865,17.7545,18.4829,94101.0,94100.0,94098.0,94097.0,94091.0,94090.0,94087.0,94086.0,94085.0,94084.0,1.72391,0.1,0.01435,0.03189,1.1614,0.231,0.47729,1.034,0.17683,7.24637,1.7239,1.8239,1.8383,1.8702,3.0316,3.2626,3.7398,4.7738,4.9507,12.1970,94102.0,94039.0,0.00001893,9752.96962,4654326915.17866135,,,
"2/3/2025, 9:46:49 AM",BTC,,,,,,,,,,,,,,,,,,,,,,,,,,,,,,,,,,,,,,,,,,,,,,,,,,,,,,,,,,,,,,,,,,Buy (Bid),94104.0,0.00012
"2/3/2025, 9:46:49 AM",BTC,94102.0,94104.0,94105.0,94106.0,94108.0,94109.0,94110.0,94111.0,94112.0,94113.0,0.38228,1.56427,3.45525,5.82423,2.23619,0.04063,0.17805,5.81783,2.20395,1.01043,0.3823,1.9466,5.4018,11.2260,13.4622,13.5029,13.6809,19.4987,21.7027,22.7131,94101.0,94100.0,94098.0,94097.0,94091.0,94090.0,94087.0,94086.0,94085.0,94083.0,0.53134,0.1,0.00435,1.19257,1.1614,0.231,0.45,1.06589,0.17683,0.01177,0.5313,0.6313,0.6357,1.8283,2.9897,3.2207,3.6707,4.7365,4.9134,4.9251,94102.0,94039.0,0.00001893,9752.96986,4654326926.4539814,,,
"2/3/2025, 9:46:49 AM",BTC,,,,,,,,,,,,,,,,,,,,,,,,,,,,,,,,,,,,,,,,,,,,,,,,,,,,,,,,,,,,,,,,,,Buy (Bid),94102.0,0.38228
"2/3/2025, 9:46:49 AM",BTC,94102.0,94104.0,94105.0,94106.0,94108.0,94109.0,94110.0,94111.0,94112.0,94113.0,0.27027,0.17377,3.24302,5.82423,2.00941,0.04063,0.17805,5.74731,2.20395,0.21223,0.2703,0.4440,3.6871,9.5113,11.5207,11.5613,11.7394,17.4867,19.6906,19.9029,94101.0,94100.0,94098.0,94097.0,94093.0,94091.0,94090.0,94087.0,94086.0,94085.0,2.01534,0.1,0.00435,1.22446,0.02,1.1614,0.231,0.45,1.034,0.17683,2.0153,2.1153,2.1197,3.3442,3.3642,4.5256,4.7566,5.2066,6.2406,6.4174,94102.0,94039.0,0.00001893,9754.29708,4654423129.36344147,,,
"2/3/2025, 9:46:49 AM",BTC,,,,,,,,,,,,,,,,,,,,,,,,,,,,,,,,,,,,,,,,,,,,,,,,,,,,,,,,,,,,,,,,,,Sell (Ask),94101.0,0.00012
"2/3/2025, 9:46:50 AM",BTC,94102.0,94104.0,94105.0,94106.0,94108.0,94110.0,94111.0,94112.0,94113.0,94114.0,0.74355,0.13644,3.24302,5.98352,2.00941,0.20978,5.67967,2.00705,0.21223,2.76252,0.7436,0.8800,4.1230,10.1065,12.1159,12.3257,18.0054,20.0124,20.2247,22.9872,94101.0,94100.0,94098.0,94097.0,94093.0,94091.0,94087.0,94086.0,94085.0,94083.0,3.15127,1.29257,0.00435,0.03189,0.02,1.1614,0.45,1.034,0.17683,0.01177,3.1513,4.4438,4.4482,4.4801,4.5001,5.6615,6.1115,7.1455,7.3223,7.3341,94102.0,94039.0,0.00001894,9754.29684,4654423174.46472168,,,
"2/3/2025, 9:46:50 AM",BTC,94102.0,94104.0,94105.0,94106.0,94107.0,94108.0,94110.0,94111.0,94112.0,94113.0,1.02928,0.13644,3.16922,5.98352,0.04063,2.20631,0.17805,5.67967,12.44299,0.61581,1.0293,1.1657,4.3349,10.3185,10.3591,12.5654,12.7435,18.4231,30.8661,31.4819,94101.0,94100.0,94098.0,94093.0,94092.0,94091.0,94087.0,94086.0,94085.0,94083.0,0.53086,0.1,0.00435,1.19257,0.02,1.19329,0.45,1.034,0.231,0.01177,0.5309,0.6309,0.6352,1.8278,1.8478,3.0411,3.4911,4.5251,4.7561,4.7678,94102.0,94039.0,0.00001894,9754.29684,4654423174.46472168,,,
"2/3/2025, 9:46:51 AM",BTC,,,,,,,,,,,,,,,,,,,,,,,,,,,,,,,,,,,,,,,,,,,,,,,,,,,,,,,,,,,,,,,,,,Buy (Bid),94102.0,0.001
"2/3/2025, 9:46:51 AM",BTC,,,,,,,,,,,,,,,,,,,,,,,,,,,,,,,,,,,,,,,,,,,,,,,,,,,,,,,,,,,,,,,,,,Sell (Ask),94101.0,0.00016
"2/3/2025, 9:46:51 AM",BTC,94102.0,94104.0,94105.0,94106.0,94107.0,94108.0,94110.0,94111.0,94112.0,94113.0,1.14004,0.28656,3.16922,5.98352,0.04063,2.00941,0.20978,5.87657,12.44299,0.94062,1.1400,1.4266,4.5958,10.5793,10.6200,12.6294,12.8392,18.7157,31.1587,32.0993,94101.0,94100.0,94098.0,94095.0,94092.0,94091.0,94087.0,94086.0,94085.0,94083.0,3.00316,0.1,0.00435,1.19257,0.02,1.1614,0.45,1.034,0.231,0.01177,3.0032,3.1032,3.1075,4.3001,4.3201,5.4815,5.9315,6.9655,7.1965,7.2082,94090.0,94027.0,0.00001894,9754.29824,4654423471.38148212,,,
"2/3/2025, 9:46:52 AM",BTC,,,,,,,,,,,,,,,,,,,,,,,,,,,,,,,,,,,,,,,,,,,,,,,,,,,,,,,,,,,,,,,,,,Buy (Bid),94102.0,0.0003
"2/3/2025, 9:46:52 AM",BTC,,,,,,,,,,,,,,,,,,,,,,,,,,,,,,,,,,,,,,,,,,,,,,,,,,,,,,,,,,,,,,,,,,Sell (Ask),94101.0,0.5287
"2/3/2025, 9:46:51 AM",BTC,94102.0,94104.0,94105.0,94106.0,94108.0,94109.0,94110.0,94111.0,94112.0,94114.0,2.39248,0.07433,0.01,0.58406,0.20838,2.69901,0.033,5.31348,0.12471,0.95566,2.3925,2.4668,2.4768,3.0609,3.2692,5.9683,6.0013,11.3147,11.4395,12.3951,94101.0,94100.0,94099.0,94098.0,94097.0,94092.0,94091.0,94090.0,94088.0,94087.0,6.59309,0.1,0.21255,0.00435,1.19257,0.02,1.1614,0.03173,0.21223,5.94167,6.5931,6.6931,6.9056,6.9100,8.1026,8.1226,9.2840,9.3157,9.5279,15.4696,94090.0,94027.0,0.00001894,9751.32442,4654577681.11429214,,,
"2/3/2025, 9:46:52 AM",BTC,,,,,,,,,,,,,,,,,,,,,,,,,,,,,,,,,,,,,,,,,,,,,,,,,,,,,,,,,,,,,,,,,,Buy (Bid),94102.0,0.07303
"2/3/2025, 9:46:52 AM",BTC,94102.0,94104.0,94105.0,94106.0,94108.0,94110.0,94111.0,94112.0,94115.0,94116.0,2.3875,0.07433,0.01,0.58406,0.20838,0.033,5.31348,0.12471,3.26797,0.03189,2.3875,2.4618,2.4718,3.0559,3.2643,3.2973,8.6107,8.7355,12.0034,12.0353,94101.0,94100.0,94098.0,94092.0,94091.0,94090.0,94088.0,94087.0,94086.0,94085.0,6.81187,0.1,0.00435,0.72,1.19329,0.03173,0.4248,5.94167,4.29698,0.231,6.8119,6.9119,6.9162,7.6362,8.8295,8.8612,9.2860,15.2277,19.5247,19.7557,94090.0,94027.0,0.00001894,9751.54788,4654588179.37682247,,,
"2/3/2025, 9:46:53 AM",BTC,,,,,,,,,,,,,,,,,,,,,,,,,,,,,,,,,,,,,,,,,,,,,,,,,,,,,,,,,,,,,,,,,,Buy (Bid),94104.0,0.00026
"2/3/2025, 9:46:53 AM",BTC,94104.0,94105.0,94106.0,94108.0,94110.0,94112.0,94113.0,94114.0,94115.0,94117.0,0.07407,0.01,0.15929,0.20838,0.033,0.12471,0.53127,0.28359,3.26797,0.29824,0.0741,0.0841,0.2434,0.4517,0.4847,0.6094,1.1407,1.4243,4.6923,4.9905,94103.0,94102.0,94101.0,94100.0,94098.0,94095.0,94092.0,94091.0,94090.0,94088.0,0.34005,2.0593,7.45817,0.1,0.00435,0.7,0.02,1.1614,0.03173,0.49914,0.3401,2.3994,9.8575,9.9575,9.9619,10.6619,10.6819,11.8433,11.8750,12.3741,94090.0,94027.0,0.00001894,9751.54912,4654588237.63264275,,,
"2/3/2025, 9:46:53 AM",BTC,94104.0,94105.0,94106.0,94108.0,94109.0,94110.0,94112.0,94113.0,94114.0,94115.0,0.10995,0.01,0.15929,0.20838,1.86636,5.43558,0.12471,0.53127,0.28359,3.26797,0.1100,0.1200,0.2792,0.4876,2.3540,7.7896,7.9143,8.4455,8.7291,11.9971,94103.0,94102.0,94101.0,94100.0,94098.0,94095.0,94092.0,94091.0,94090.0,94088.0,6.67527,2.0593,4.96082,0.1,0.00435,0.7,0.02,1.1614,0.03173,0.21257,6.6753,8.7346,13.6954,13.7954,13.7997,14.4997,14.5197,15.6811,15.7129,15.9254,94103.0,94047.0,0.00001894,9751.54912,4654588237.63264275,,,
"2/3/2025, 9:46:54 AM",BTC,94104.0,94105.0,94106.0,94107.0,94108.0,94109.0,94110.0,94112.0,94113.0,94114.0,0.63873,0.01,0.15929,0.42477,0.36766,1.86636,5.43558,0.12471,1.48694,0.28359,0.6387,0.6487,0.8080,1.2328,1.6004,3.4668,8.9024,9.0271,10.5140,10.7976,94103.0,94102.0,94101.0,94100.0,94098.0,94095.0,94092.0,94091.0,94090.0,94088.0,5.03294,2.0593,1.34288,0.1,0.00435,0.7,0.02,1.1614,0.03173,0.4248,5.0329,7.0922,8.4351,8.5351,8.5395,9.2395,9.2595,10.4209,10.4526,10.8774,94103.0,94047.0,0.00001894,9751.54912,4654588237.63264275,,,
"2/3/2025, 9:46:55 AM",BTC,,,,,,,,,,,,,,,,,,,,,,,,,,,,,,,,,,,,,,,,,,,,,,,,,,,,,,,,,,,,,,,,,,Sell (Ask),94103.0,0.11873
"2/3/2025, 9:46:54 AM",BTC,94104.0,94105.0,94106.0,94107.0,94108.0,94109.0,94110.0,94112.0,94113.0,94114.0,2.26497,5.39586,0.37152,0.4654,0.36766,1.86636,5.43558,0.12471,1.48694,0.28359,2.2650,7.6608,8.0323,8.4977,8.8654,10.7318,16.1673,16.2921,17.7790,18.0626,94103.0,94102.0,94100.0,94098.0,94091.0,94090.0,94087.0,94086.0,94085.0,94083.0,0.875,2.0593,1.29257,0.00435,1.1614,0.03189,0.45,0.88,0.231,0.01177,0.8750,2.9343,4.2269,4.2312,5.3926,5.4245,5.8745,6.7545,6.9855,6.9973,94103.0,94047.0,0.0000189,9751.63208,4654599393.62217236,,,
"2/3/2025, 9:46:55 AM",BTC,,,,,,,,,,,,,,,,,,,,,,,,,,,,,,,,,,,,,,,,,,,,,,,,,,,,,,,,,,,,,,,,,,Sell (Ask),94103.0,0.04277
"2/3/2025, 9:46:55 AM",BTC,94104.0,94105.0,94106.0,94107.0,94108.0,94109.0,94110.0,94112.0,94113.0,94114.0,3.02673,8.61682,0.15929,0.42477,0.36766,1.86636,5.43558,10.24227,1.48694,0.07136,3.0267,11.6436,11.8028,12.2276,12.5953,14.4616,19.8972,30.1395,31.6264,31.6978,94103.0,94102.0,94101.0,94100.0,94098.0,94095.0,94093.0,94091.0,94087.0,94086.0,2.23423,2.0593,0.03189,0.1,0.00435,1.19257,0.02,1.1614,0.66223,0.88,2.2342,4.2935,4.3254,4.4254,4.4298,5.6223,5.6423,6.8037,7.4660,8.3460,94103.0,94047.0,0.0000189,9751.63208,4654603412.33414268,,,
"2/3/2025, 9:46:56 AM",BTC,94104.0,94106.0,94107.0,94108.0,94109.0,94110.0,94113.0,94114.0,94115.0,94117.0,0.54138,0.16929,0.42477,0.36766,1.93581,5.50322,1.48694,0.07136,3.26797,0.29824,0.5414,0.7107,1.1354,1.5031,3.4389,8.9421,10.4291,10.5004,13.7684,14.0666,94103.0,94102.0,94101.0,94100.0,94099.0,94098.0,94093.0,94092.0,94091.0,94090.0,5.50521,2.0593,0.03189,0.101,1.19257,0.00435,0.02,0.21257,1.1614,0.03173,5.5052,7.5645,7.5964,7.6974,8.8900,8.8943,8.9143,9.1269,10.2883,10.3200,94103.0,94047.0,0.0000189,9751.63208,4654603412.33414268,,,
"2/3/2025, 9:46:56 AM",BTC,94104.0,94106.0,94107.0,94108.0,94109.0,94110.0,94113.0,94114.0,94115.0,94117.0,0.61954,0.16929,0.42477,0.36766,2.14804,5.50322,1.48694,0.07136,3.26797,0.29824,0.6195,0.7888,1.2136,1.5813,3.7293,9.2325,10.7195,10.7908,14.0588,14.3570,94103.0,94102.0,94101.0,94100.0,94098.0,94093.0,94092.0,94091.0,94090.0,94087.0,3.68528,2.0593,1.22446,0.101,0.00435,0.02,0.21257,1.1614,0.03173,0.66223,3.6853,5.7446,6.9690,7.0700,7.0744,7.0944,7.3070,8.4684,8.5001,9.1623,94103.0,94047.0,0.0000189,9751.63208,4654603412.33414268,,,
"2/3/2025, 9:46:57 AM",BTC,94104.0,94105.0,94106.0,94107.0,94108.0,94109.0,94110.0,94113.0,94114.0,94115.0,1.48054,5.40905,3.40306,0.42477,0.36766,2.14804,5.65076,1.48694,0.07136,4.06617,1.4805,6.8896,10.2927,10.7174,11.0851,13.2331,18.8839,20.3708,20.4422,24.5084,94103.0,94102.0,94101.0,94100.0,94098.0,94093.0,94091.0,94087.0,94086.0,94085.0,1.49428,2.0593,1.22446,0.101,0.00435,0.02,1.1614,0.45,0.88,0.231,1.4943,3.5536,4.7780,4.8790,4.8834,4.9034,6.0648,6.5148,7.3948,7.6258,94103.0,94040.0,0.0000189,9751.63208,4654603412.33414268,,,
"2/3/2025, 9:46:57 AM",BTC,94104.0,94105.0,94106.0,94107.0,94108.0,94109.0,94110.0,94113.0,94114.0,94115.0,0.9287,5.40905,3.40306,0.42477,0.36766,2.14804,5.50322,1.48694,0.07136,4.06617,0.9287,6.3377,9.7408,10.1656,10.5332,12.6813,18.1845,19.6714,19.7428,23.8090,94103.0,94102.0,94101.0,94100.0,94098.0,94093.0,94091.0,94087.0,94086.0,94085.0,1.49428,2.0593,1.22446,0.101,0.00435,0.02,1.1614,0.45,0.88,0.231,1.4943,3.5536,4.7780,4.8790,4.8834,4.9034,6.0648,6.5148,7.3948,7.6258,94103.0,94040.0,0.0000189,9751.63208,4654603412.33414268,,,
"2/3/2025, 9:46:58 AM",BTC,94104.0,94105.0,94106.0,94107.0,94108.0,94109.0,94110.0,94113.0,94114.0,94115.0,2.83354,5.40905,3.76927,0.42477,1.20649,2.14804,5.65076,1.48694,0.07136,3.26797,2.8335,8.2426,12.0119,12.4366,13.6431,15.7912,21.4419,22.9289,23.0002,26.2682,94103.0,94102.0,94100.0,94099.0,94098.0,94093.0,94091.0,94089.0,94087.0,94086.0,0.276,2.0593,0.101,1.19257,0.00435,0.02,1.1614,0.03189,0.45,0.91189,0.2760,2.3353,2.4363,3.6289,3.6332,3.6532,4.8146,4.8465,5.2965,6.2084,94103.0,94040.0,0.0000189,9751.63208,4654603412.33414268,,,
"2/3/2025, 9:46:59 AM",BTC,,,,,,,,,,,,,,,,,,,,,,,,,,,,,,,,,,,,,,,,,,,,,,,,,,,,,,,,,,,,,,,,,,Buy (Bid),94104.0,0.00019
"2/3/2025, 9:46:58 AM",BTC,94104.0,94105.0,94106.0,94107.0,94108.0,94109.0,94110.0,94111.0,94113.0,94114.0,3.38523,5.40905,3.90512,0.42477,0.36766,1.97644,5.58312,0.1275,1.48694,0.07136,3.3852,8.7943,12.6994,13.1242,13.4918,15.4683,21.0514,21.1789,22.6658,22.7372,94103.0,94102.0,94100.0,94098.0,94097.0,94093.0,94091.0,94087.0,94086.0,94085.0,1.15423,2.0593,1.29357,0.00435,0.03189,0.02,1.1614,0.45,0.88,0.231,1.1542,3.2135,4.5071,4.5114,4.5433,4.5633,5.7247,6.1747,7.0547,7.2857,94103.0,94040.0,0.0000189,9751.63246,4654603430.18673229,,,
"2/3/2025, 9:46:59 AM",BTC,,,,,,,,,,,,,,,,,,,,,,,,,,,,,,,,,,,,,,,,,,,,,,,,,,,,,,,,,,,,,,,,,,Sell (Ask),94103.0,0.00016
"2/3/2025, 9:47:00 AM",BTC,,,,,,,,,,,,,,,,,,,,,,,,,,,,,,,,,,,,,,,,,,,,,,,,,,,,,,,,,,,,,,,,,,Buy (Bid),94104.0,0.00021
"2/3/2025, 9:47:00 AM",BTC,,,,,,,,,,,,,,,,,,,,,,,,,,,,,,,,,,,,,,,,,,,,,,,,,,,,,,,,,,,,,,,,,,Buy (Bid),94104.0,0.07367
"2/3/2025, 9:46:59 AM",BTC,94104.0,94105.0,94106.0,94107.0,94108.0,94109.0,94110.0,94111.0,94112.0,94113.0,3.93288,5.40905,3.90512,0.42477,0.36766,1.86636,5.58312,0.1275,0.72839,1.48694,3.9329,9.3419,13.2470,13.6718,14.0395,15.9058,21.4890,21.6165,22.3449,23.8318,94103.0,94102.0,94100.0,94098.0,94097.0,94093.0,94091.0,94089.0,94087.0,94086.0,2.46523,3.25187,0.101,0.00435,0.03189,0.02,1.1614,0.21223,0.45,0.88,2.4652,5.7171,5.8181,5.8224,5.8543,5.8743,7.0357,7.2480,7.6980,8.5780,94101.0,94038.0,0.00001893,9752.11934,4654626304.0525713,,,
"2/3/2025, 9:47:01 AM",BTC,,,,,,,,,,,,,,,,,,,,,,,,,,,,,,,,,,,,,,,,,,,,,,,,,,,,,,,,,,,,,,,,,,Buy (Bid),94104.0,0.00166
"2/3/2025, 9:47:00 AM",BTC,94104.0,94105.0,94106.0,94107.0,94108.0,94109.0,94110.0,94111.0,94113.0,94114.0,2.85137,5.40905,3.52891,0.43477,0.36766,1.86636,5.58312,0.1275,1.48694,0.07136,2.8514,8.2604,11.7893,12.2241,12.5918,14.4581,20.0412,20.1687,21.6557,21.7270,94103.0,94102.0,94101.0,94100.0,94098.0,94097.0,94093.0,94091.0,94090.0,94089.0,5.54465,2.0593,0.53134,0.101,0.00435,0.03189,0.02,1.1614,0.03173,0.21223,5.5446,7.6039,8.1353,8.2363,8.2406,8.2725,8.2925,9.4539,9.4857,9.6979,94101.0,94038.0,0.00001893,9752.11934,4654626304.0525713,,,
"2/3/2025, 9:47:01 AM",BTC,94104.0,94106.0,94107.0,94108.0,94110.0,94111.0,94112.0,94113.0,94114.0,94115.0,0.43239,0.23113,0.01,0.36766,0.033,0.19731,0.7284,1.54923,0.07136,3.26797,0.4324,0.6635,0.6735,1.0412,1.0742,1.2715,1.9999,3.5491,3.6205,6.8885,94103.0,94102.0,94101.0,94100.0,94098.0,94097.0,94095.0,94093.0,94091.0,94090.0,6.22475,2.0593,0.53134,0.101,0.00435,0.03189,0.21256,0.02,1.1614,5.53189,6.2248,8.2841,8.8154,8.9164,8.9207,8.9526,9.1652,9.1852,10.3466,15.8785,94101.0,94038.0,0.00001893,9752.12266,4654626460.02783108,,,
"2/3/2025, 9:47:01 AM",BTC,94104.0,94106.0,94108.0,94110.0,94111.0,94112.0,94113.0,94114.0,94115.0,94117.0,0.10634,0.15929,0.37766,0.033,0.19731,1.15315,0.59356,0.28359,3.26797,0.29824,0.1063,0.2656,0.6433,0.6763,0.8736,2.0267,2.6203,2.9039,6.1719,6.4701,94103.0,94102.0,94101.0,94100.0,94098.0,94097.0,94095.0,94093.0,94091.0,94090.0,8.61573,2.0593,0.53134,0.101,0.00435,0.03189,0.21256,0.02,1.1614,6.44412,8.6157,10.6750,11.2064,11.3074,11.3117,11.3436,11.5562,11.5762,12.7376,19.1817,94101.0,94038.0,0.00001893,9752.12266,4654626460.02783108,,,
"2/3/2025, 9:47:02 AM",BTC,94104.0,94106.0,94108.0,94110.0,94111.0,94112.0,94113.0,94114.0,94115.0,94117.0,0.53884,0.15929,0.36766,0.033,0.20731,1.15315,0.06229,7.39244,3.26797,0.29824,0.5388,0.6981,1.0658,1.0988,1.3061,2.4592,2.5215,9.9140,13.1819,13.4802,94103.0,94102.0,94101.0,94100.0,94098.0,94097.0,94093.0,94091.0,94090.0,94089.0,8.78932,2.0593,0.53134,0.101,0.00435,0.03189,0.02,1.1614,6.44412,1.88354,8.7893,10.8486,11.3800,11.4810,11.4853,11.5172,11.5372,12.6986,19.1427,21.0263,94101.0,94038.0,0.00001893,9752.12266,4654626460.02783108,,,
"2/3/2025, 9:47:02 AM",BTC,94104.0,94106.0,94108.0,94110.0,94111.0,94112.0,94113.0,94114.0,94115.0,94116.0,0.10634,0.15929,0.36766,0.533,0.19731,1.15315,0.06229,7.32108,3.26797,0.0627,0.1063,0.2656,0.6333,1.1663,1.3636,2.5168,2.5790,9.9001,13.1681,13.2308,94103.0,94102.0,94101.0,94100.0,94098.0,94097.0,94093.0,94091.0,94090.0,94089.0,8.78932,2.0593,0.53134,0.101,0.00435,0.03189,0.02,4.43968,6.06402,1.88354,8.7893,10.8486,11.3800,11.4810,11.4853,11.5172,11.5372,15.9769,22.0409,23.9244,94101.0,94038.0,0.00001893,9752.12266,4654626460.02783108,,,
"2/3/2025, 9:47:03 AM",BTC,94104.0,94106.0,94108.0,94109.0,94110.0,94111.0,94112.0,94113.0,94114.0,94115.0,0.90102,0.15929,5.66669,1.81853,0.033,0.1275,1.15315,0.64559,7.32108,3.26797,0.9010,1.0603,6.7270,8.5455,8.5785,8.7060,9.8592,10.5048,17.8258,21.0938,94103.0,94102.0,94101.0,94100.0,94098.0,94097.0,94093.0,94092.0,94091.0,94090.0,4.94729,2.0593,0.53134,0.13273,0.00435,0.03189,0.02,0.31934,1.1614,0.53213,4.9473,7.0066,7.5379,7.6707,7.6750,7.7069,7.7269,8.0462,9.2076,9.7398,94101.0,94038.0,0.00001893,9752.12266,4654626460.02783108,,,
"2/3/2025, 9:47:03 AM",BTC,,,,,,,,,,,,,,,,,,,,,,,,,,,,,,,,,,,,,,,,,,,,,,,,,,,,,,,,,,,,,,,,,,Buy (Bid),94104.0,0.002
"2/3/2025, 9:47:04 AM",BTC,,,,,,,,,,,,,,,,,,,,,,,,,,,,,,,,,,,,,,,,,,,,,,,,,,,,,,,,,,,,,,,,,,Buy (Bid),94104.0,0.00207
"2/3/2025, 9:47:03 AM",BTC,94104.0,94106.0,94108.0,94109.0,94110.0,94111.0,94112.0,94113.0,94114.0,94115.0,1.7221,0.15929,5.73821,1.88632,0.16703,0.20865,1.15315,0.86894,8.27674,3.26797,1.7221,1.8814,7.6196,9.5059,9.6730,9.8816,11.0348,11.9037,20.1804,23.4484,94103.0,94102.0,94101.0,94100.0,94098.0,94097.0,94093.0,94092.0,94091.0,94090.0,0.34299,2.0593,1.19257,0.101,0.00435,0.03189,0.02,0.31934,1.1614,0.03173,0.3430,2.4023,3.5949,3.6959,3.7002,3.7321,3.7521,4.0714,5.2328,5.2646,94104.0,94045.0,0.00001893,9752.1268,4654626842.44910145,,,
"2/3/2025, 9:47:04 AM",BTC,94104.0,94105.0,94106.0,94108.0,94109.0,94110.0,94111.0,94112.0,94113.0,94114.0,3.0352,0.06836,3.42284,5.73821,1.88632,0.16703,0.20865,1.15315,0.80665,18.18273,3.0352,3.1036,6.5264,12.2646,14.1509,14.3180,14.5266,15.6798,16.4864,34.6691,94103.0,94102.0,94100.0,94098.0,94093.0,94092.0,94091.0,94087.0,94086.0,94085.0,0.34299,2.0593,0.101,1.19692,0.05189,0.31934,1.1614,0.45,0.88,0.231,0.3430,2.4023,2.5033,3.7002,3.7521,4.0714,5.2328,5.6828,6.5628,6.7938,94104.0,94045.0,0.00001893,9752.1268,4654626842.44910145,,,
"2/3/2025, 9:47:05 AM",BTC,,,,,,,,,,,,,,,,,,,,,,,,,,,,,,,,,,,,,,,,,,,,,,,,,,,,,,,,,,,,,,,,,,Sell (Ask),94103.0,0.06379
"2/3/2025, 9:47:05 AM",BTC,94104.0,94105.0,94106.0,94108.0,94109.0,94110.0,94111.0,94112.0,94113.0,94114.0,0.79629,0.13571,3.42284,5.66669,1.88632,0.16703,0.20865,1.15315,0.7435,6.44935,0.7963,0.9320,4.3548,10.0215,11.9078,12.0749,12.2835,13.4367,14.1802,20.6295,94103.0,94102.0,94101.0,94100.0,94098.0,94093.0,94092.0,94091.0,94087.0,94086.0,2.73475,2.0593,0.53134,1.29357,0.00435,0.02,0.31934,1.1614,0.45,0.88,2.7348,4.7941,5.3254,6.6190,6.6233,6.6433,6.9627,8.1241,8.5740,9.4541,94104.0,94045.0,0.00001891,9752.1268,4654632836.22129154,,,
"2/3/2025, 9:47:05 AM",BTC,,,,,,,,,,,,,,,,,,,,,,,,,,,,,,,,,,,,,,,,,,,,,,,,,,,,,,,,,,,,,,,,,,Sell (Ask),94103.0,0.00016
"2/3/2025, 9:47:05 AM",BTC,94104.0,94105.0,94106.0,94108.0,94110.0,94111.0,94112.0,94114.0,94115.0,94117.0,0.10227,0.13571,0.15929,0.36766,0.033,0.1375,1.2982,5.49369,3.26797,2.99706,0.1023,0.2380,0.3973,0.7649,0.7979,0.9354,2.2336,7.7273,10.9953,13.9924,94103.0,94102.0,94101.0,94100.0,94098.0,94095.0,94093.0,94092.0,94091.0,94090.0,7.81461,2.0593,0.53134,0.101,0.00435,0.21255,0.02,0.31934,1.1614,0.16671,7.8146,9.8739,10.4053,10.5063,10.5106,10.7232,10.7432,11.0625,12.2239,12.3906,94104.0,94045.0,0.00001891,9752.12648,4654632933.940732,,,
"2/3/2025, 9:47:06 AM",BTC,,,,,,,,,,,,,,,,,,,,,,,,,,,,,,,,,,,,,,,,,,,,,,,,,,,,,,,,,,,,,,,,,,Buy (Bid),94104.0,0.00012
"2/3/2025, 9:47:06 AM",BTC,,,,,,,,,,,,,,,,,,,,,,,,,,,,,,,,,,,,,,,,,,,,,,,,,,,,,,,,,,,,,,,,,,Buy (Bid),94104.0,0.01513
"2/3/2025, 9:47:06 AM",BTC,94104.0,94106.0,94108.0,94110.0,94111.0,94112.0,94114.0,94115.0,94117.0,94118.0,0.95841,0.15929,0.36766,0.033,0.1375,1.2982,6.66158,3.26797,2.99706,0.38849,0.9584,1.1177,1.4854,1.5184,1.6559,2.9541,9.6156,12.8836,15.8807,16.2692,94103.0,94102.0,94101.0,94100.0,94098.0,94095.0,94093.0,94092.0,94091.0,94090.0,6.08968,2.0593,0.53134,0.101,0.00435,0.21255,0.02,0.31934,1.1614,0.37894,6.0897,8.1490,8.6803,8.7813,8.7857,8.9982,9.0182,9.3376,10.4990,10.8779,94104.0,94045.0,0.00001891,9756.01108,4654822059.58114243,,,
"2/3/2025, 9:47:06 AM",BTC,94114.0,94115.0,94117.0,94118.0,94119.0,94120.0,94122.0,94123.0,94124.0,94125.0,5.5133,3.26797,2.99706,0.38849,0.07051,1.21145,1.741,1.32941,1.26395,0.45,5.5133,8.7813,11.7783,12.1668,12.2373,13.4488,15.1898,16.5192,17.7831,18.2331,94113.0,94111.0,94109.0,94108.0,94107.0,94106.0,94105.0,94104.0,94103.0,94102.0,1.53753,1.31566,0.4375,1.08,1.3175,0.231,0.02938,0.84562,6.08968,2.0593,1.5375,2.8532,3.2907,4.3707,5.6882,5.9192,5.9486,6.7942,12.8839,14.9432,94104.0,94045.0,0.00001891,9756.01108,4654822059.58114243,,,
"2/3/2025, 9:47:07 AM",BTC,94114.0,94117.0,94118.0,94119.0,94120.0,94122.0,94123.0,94124.0,94125.0,94126.0,2.81652,2.99706,1.18669,0.11114,1.21145,1.741,0.53121,0.1969,0.45,2.69912,2.8165,5.8136,7.0003,7.1114,8.3229,10.0639,10.5951,10.7920,11.2420,13.9411,94113.0,94110.0,94109.0,94108.0,94107.0,94106.0,94103.0,94102.0,94101.0,94100.0,1.89049,0.63,1.08,0.681,2.05357,0.24723,1.89566,2.0593,0.53134,0.101,1.8905,2.5205,3.6005,4.2815,6.3351,6.5823,8.4779,10.5373,11.0686,11.1696,94103.0,94042.0,0.00001891,9756.01108,4654822059.58114243,,,
"2/3/2025, 9:47:08 AM",BTC,,,,,,,,,,,,,,,,,,,,,,,,,,,,,,,,,,,,,,,,,,,,,,,,,,,,,,,,,,,,,,,,,,Buy (Bid),94114.0,0.00416
"2/3/2025, 9:47:07 AM",BTC,94114.0,94116.0,94117.0,94118.0,94119.0,94120.0,94122.0,94123.0,94125.0,94126.0,7.31444,0.21223,2.99706,3.19361,0.11114,1.21145,1.741,0.53121,0.6469,2.69912,7.3144,7.5267,10.5237,13.7173,13.8285,15.0399,16.7809,17.3121,17.9590,20.6582,94113.0,94110.0,94109.0,94108.0,94107.0,94105.0,94103.0,94102.0,94101.0,94100.0,1.89049,0.63,1.08,0.681,2.05357,0.02,1.36433,2.0593,0.53134,0.101,1.8905,2.5205,3.6005,4.2815,6.3351,6.3551,7.7194,9.7787,10.3100,10.4110,94103.0,94042.0,0.00001891,9756.0194,4654822450.45890236,,,
"2/3/2025, 9:47:08 AM",BTC,94114.0,94115.0,94116.0,94117.0,94118.0,94119.0,94120.0,94121.0,94122.0,94123.0,0.63095,0.13543,0.15927,0.46751,2.39541,0.49522,1.21145,0.1824,1.741,0.53121,0.6310,0.7664,0.9257,1.3932,3.7886,4.2838,5.4952,5.6776,7.4186,7.9498,94113.0,94109.0,94108.0,94107.0,94105.0,94103.0,94102.0,94101.0,94100.0,94098.0,2.37237,2.27257,0.681,0.861,0.02,0.88245,2.0593,0.53134,0.13273,0.00435,2.3724,4.6449,5.3259,6.1869,6.2069,7.0894,9.1487,9.6800,9.8128,9.8171,94103.0,94042.0,0.00001891,9756.0194,4654822450.45890236,,,
"2/3/2025, 9:47:08 AM",BTC,94114.0,94115.0,94116.0,94117.0,94118.0,94119.0,94120.0,94121.0,94122.0,94123.0,2.17503,0.13543,0.3715,11.10865,2.40541,0.49522,1.21145,0.1824,1.741,0.53121,2.1750,2.3105,2.6820,13.7906,16.1960,16.6912,17.9027,18.0851,19.8261,20.3573,94113.0,94110.0,94109.0,94108.0,94107.0,94105.0,94103.0,94102.0,94101.0,94100.0,1.92237,1.19257,0.45,0.45,0.861,0.02,0.88245,2.0593,0.53134,0.13273,1.9224,3.1149,3.5649,4.0149,4.8759,4.8959,5.7784,7.8377,8.3690,8.5018,94105.0,94042.0,0.00001891,9756.0194,4654822450.45890236,,,
"2/3/2025, 9:47:09 AM",BTC,94114.0,94115.0,94116.0,94117.0,94118.0,94119.0,94120.0,94121.0,94122.0,94123.0,5.86407,0.13543,1.23151,11.10865,2.40541,0.53585,1.6174,9.9417,1.741,0.60212,5.8641,5.9995,7.2310,18.3397,20.7451,21.2809,22.8983,32.8400,34.5810,35.1831,94103.0,94102.0,94100.0,94098.0,94097.0,94094.0,94092.0,94091.0,94086.0,94085.0,0.00245,2.0593,1.29357,0.00435,0.231,0.03189,0.31934,0.5314,0.02729,0.231,0.0024,2.0617,3.3553,3.3597,3.5907,3.6226,3.9419,4.4733,4.5006,4.7316,94105.0,94042.0,0.00001891,9756.0194,4654822450.45890236,,,
"2/3/2025, 9:47:10 AM",BTC,,,,,,,,,,,,,,,,,,,,,,,,,,,,,,,,,,,,,,,,,,,,,,,,,,,,,,,,,,,,,,,,,,Buy (Bid),94104.0,0.00884
"2/3/2025, 9:47:10 AM",BTC,94104.0,94105.0,94106.0,94107.0,94108.0,94109.0,94111.0,94113.0,94114.0,94115.0,0.94932,1.111,1.741,1.17616,0.21223,0.45,1.7222,1.18379,2.36331,0.2814,0.9493,2.0603,3.8013,4.9775,5.1897,5.6397,7.3619,8.5457,10.9090,11.1904,94103.0,94102.0,94101.0,94100.0,94098.0,94092.0,94091.0,94090.0,94089.0,94085.0,0.00245,2.0593,0.03,1.29357,0.00435,0.31934,0.5314,0.03189,0.45,0.231,0.0024,2.0617,2.0917,3.3853,3.3897,3.7090,4.2404,4.2723,4.7223,4.9533,94105.0,94042.0,0.0000189,9756.03708,4654823281.07414246,,,
"2/3/2025, 9:47:10 AM",BTC,94104.0,94105.0,94106.0,94107.0,94108.0,94109.0,94110.0,94111.0,94112.0,94113.0,7.74569,1.87451,1.90029,0.16943,0.57841,0.45,0.56936,1.01141,0.924,1.99871,7.7457,9.6202,11.5205,11.6899,12.2683,12.7183,13.2877,14.2991,15.2231,17.2218,94103.0,94102.0,94100.0,94098.0,94088.0,94087.0,94081.0,94073.0,94072.0,94071.0,0.00245,2.0593,0.101,0.00435,1.19257,0.03189,0.53145,0.63,0.231,0.85085,0.0024,2.0617,2.1627,2.1671,3.3597,3.3916,3.9230,4.5530,4.7840,5.6349,94105.0,94042.0,0.0000189,9756.18578,4654830497.27894211,,,
"2/3/2025, 9:47:10 AM",BTC,,,,,,,,,,,,,,,,,,,,,,,,,,,,,,,,,,,,,,,,,,,,,,,,,,,,,,,,,,,,,,,,,,Sell (Ask),94103.0,0.00245
"2/3/2025, 9:47:11 AM",BTC,,,,,,,,,,,,,,,,,,,,,,,,,,,,,,,,,,,,,,,,,,,,,,,,,,,,,,,,,,,,,,,,,,Buy (Bid),94104.0,0.02034
"2/3/2025, 9:47:11 AM",BTC,,,,,,,,,,,,,,,,,,,,,,,,,,,,,,,,,,,,,,,,,,,,,,,,,,,,,,,,,,,,,,,,,,Sell (Ask),94102.0,0.013
"2/3/2025, 9:47:11 AM",BTC,,,,,,,,,,,,,,,,,,,,,,,,,,,,,,,,,,,,,,,,,,,,,,,,,,,,,,,,,,,,,,,,,,Sell (Ask),94102.0,0.013
"2/3/2025, 9:47:11 AM",BTC,,,,,,,,,,,,,,,,,,,,,,,,,,,,,,,,,,,,,,,,,,,,,,,,,,,,,,,,,,,,,,,,,,Sell (Ask),94102.0,0.007
"2/3/2025, 9:47:11 AM",BTC,,,,,,,,,,,,,,,,,,,,,,,,,,,,,,,,,,,,,,,,,,,,,,,,,,,,,,,,,,,,,,,,,,Sell (Ask),94102.0,0.011
"2/3/2025, 9:47:11 AM",BTC,,,,,,,,,,,,,,,,,,,,,,,,,,,,,,,,,,,,,,,,,,,,,,,,,,,,,,,,,,,,,,,,,,Sell (Ask),94102.0,0.008
"2/3/2025, 9:47:11 AM",BTC,94103.0,94104.0,94105.0,94106.0,94107.0,94108.0,94109.0,94110.0,94111.0,94112.0,1.68187,25.68609,1.87451,0.15929,0.18189,0.38151,0.45,3.26841,0.924,0.154,1.6819,27.3680,29.2425,29.4018,29.5836,29.9652,30.4152,33.6836,34.6076,34.7616,94102.0,94100.0,94098.0,94081.0,94077.0,94073.0,94072.0,94071.0,94070.0,94069.0,1.95095,0.101,0.00435,0.03189,1.19257,0.63,0.231,0.85085,0.21223,0.88,1.9509,2.0520,2.0563,2.0882,3.2808,3.9108,4.1418,4.9926,5.2048,6.0848,94105.0,94042.0,0.0000189,9756.94634,4654866228.76802254,,,
"2/3/2025, 9:47:11 AM",BTC,,,,,,,,,,,,,,,,,,,,,,,,,,,,,,,,,,,,,,,,,,,,,,,,,,,,,,,,,,,,,,,,,,Sell (Ask),94102.0,0.0638
"2/3/2025, 9:47:11 AM",BTC,,,,,,,,,,,,,,,,,,,,,,,,,,,,,,,,,,,,,,,,,,,,,,,,,,,,,,,,,,,,,,,,,,Sell (Ask),94102.0,0.13119
"2/3/2025, 9:47:11 AM",BTC,94103.0,94104.0,94105.0,94106.0,94107.0,94108.0,94109.0,94110.0,94111.0,94113.0,8.03696,27.35726,1.741,0.15929,0.18189,0.38151,0.45,0.56936,0.924,1.49777,8.0370,35.3942,37.1352,37.2945,37.4764,37.8579,38.3079,38.8773,39.8013,41.2990,94102.0,94100.0,94098.0,94081.0,94078.0,94073.0,94072.0,94071.0,94069.0,94068.0,1.43002,0.101,0.00435,0.03189,1.19257,0.63,0.231,0.31934,0.88,0.45,1.4300,1.5310,1.5354,1.5673,2.7598,3.3898,3.6208,3.9402,4.8202,5.2702,94105.0,94042.0,0.0000189,9757.66362,4654899926.94106197,,,
"2/3/2025, 9:47:12 AM",BTC,,,,,,,,,,,,,,,,,,,,,,,,,,,,,,,,,,,,,,,,,,,,,,,,,,,,,,,,,,,,,,,,,,Sell (Ask),94102.0,0.008
"2/3/2025, 9:47:12 AM",BTC,,,,,,,,,,,,,,,,,,,,,,,,,,,,,,,,,,,,,,,,,,,,,,,,,,,,,,,,,,,,,,,,,,Sell (Ask),94102.0,0.15565
"2/3/2025, 9:47:12 AM",BTC,,,,,,,,,,,,,,,,,,,,,,,,,,,,,,,,,,,,,,,,,,,,,,,,,,,,,,,,,,,,,,,,,,Sell (Ask),94102.0,0.05848
"2/3/2025, 9:47:12 AM",BTC,,,,,,,,,,,,,,,,,,,,,,,,,,,,,,,,,,,,,,,,,,,,,,,,,,,,,,,,,,,,,,,,,,Sell (Ask),94102.0,0.13395
"2/3/2025, 9:47:12 AM",BTC,,,,,,,,,,,,,,,,,,,,,,,,,,,,,,,,,,,,,,,,,,,,,,,,,,,,,,,,,,,,,,,,,,Sell (Ask),94102.0,0.00169
"2/3/2025, 9:47:12 AM",BTC,,,,,,,,,,,,,,,,,,,,,,,,,,,,,,,,,,,,,,,,,,,,,,,,,,,,,,,,,,,,,,,,,,Sell (Ask),94102.0,0.011
"2/3/2025, 9:47:12 AM",BTC,94103.0,94104.0,94105.0,94106.0,94107.0,94108.0,94109.0,94110.0,94111.0,94113.0,8.19243,29.24863,1.741,0.15929,0.20918,0.38151,0.57796,0.60109,0.924,1.49777,8.1924,37.4411,39.1821,39.3413,39.5505,39.9320,40.5100,41.1111,42.0351,43.5329,94102.0,94100.0,94098.0,94086.0,94073.0,94072.0,94071.0,94069.0,94068.0,94065.0,1.26637,0.101,0.00435,0.0319,0.63,0.231,1.51191,0.88,0.45,0.00106,1.2664,1.3674,1.3717,1.4036,2.0336,2.2646,3.7765,4.6565,5.1065,5.1076,94105.0,94042.0,0.0000189,9759.41968,4654982457.58541107,,,
"2/3/2025, 9:47:12 AM",BTC,,,,,,,,,,,,,,,,,,,,,,,,,,,,,,,,,,,,,,,,,,,,,,,,,,,,,,,,,,,,,,,,,,Sell (Ask),94102.0,0.013
"2/3/2025, 9:47:13 AM",BTC,,,,,,,,,,,,,,,,,,,,,,,,,,,,,,,,,,,,,,,,,,,,,,,,,,,,,,,,,,,,,,,,,,Sell (Ask),94102.0,0.2853
"2/3/2025, 9:47:13 AM",BTC,,,,,,,,,,,,,,,,,,,,,,,,,,,,,,,,,,,,,,,,,,,,,,,,,,,,,,,,,,,,,,,,,,Sell (Ask),94102.0,0.00016
"2/3/2025, 9:47:13 AM",BTC,,,,,,,,,,,,,,,,,,,,,,,,,,,,,,,,,,,,,,,,,,,,,,,,,,,,,,,,,,,,,,,,,,Sell (Ask),94100.0,0.1
"2/3/2025, 9:47:13 AM",BTC,,,,,,,,,,,,,,,,,,,,,,,,,,,,,,,,,,,,,,,,,,,,,,,,,,,,,,,,,,,,,,,,,,Sell (Ask),94098.0,0.00157
"2/3/2025, 9:47:13 AM",BTC,94103.0,94104.0,94105.0,94106.0,94107.0,94108.0,94109.0,94110.0,94111.0,94113.0,13.01864,29.86043,1.8473,0.15929,0.04063,0.38151,0.57796,3.3007,0.924,1.49777,13.0186,42.8791,44.7264,44.8857,44.9263,45.3078,45.8858,49.1865,50.1105,51.6082,94102.0,94100.0,94098.0,94086.0,94068.0,94065.0,94062.0,94061.0,94054.0,94052.0,0.38802,0.101,0.00435,0.0319,0.45,0.00106,1.19257,0.54207,0.88,0.31934,0.3880,0.4890,0.4934,0.5253,0.9753,0.9763,2.1689,2.7110,3.5910,3.9103,94072.0,94009.0,0.0000189,9760.298,4655030668.97451115,,,
"2/3/2025, 9:47:13 AM",BTC,,,,,,,,,,,,,,,,,,,,,,,,,,,,,,,,,,,,,,,,,,,,,,,,,,,,,,,,,,,,,,,,,,Sell (Ask),94078.0,0.008
"2/3/2025, 9:47:13 AM",BTC,94081.0,94083.0,94085.0,94086.0,94087.0,94089.0,94098.0,94099.0,94100.0,94101.0,0.21223,0.88,0.231,0.63,3.10757,0.21223,0.45016,0.87728,1.03047,2.32645,0.2122,1.0922,1.3232,1.9532,5.0608,5.2730,5.7232,6.6005,7.6309,9.9574,94078.0,94074.0,94073.0,94072.0,94068.0,94066.0,94065.0,94063.0,94061.0,94055.0,0.614,0.17727,1.33,0.31934,1.08,1.19257,0.00106,0.21223,0.54207,0.21223,0.6140,0.7913,2.1213,2.4406,3.5206,4.7132,4.7142,4.9265,5.4685,5.6808,94072.0,94009.0,0.0000189,9760.298,4655036642.07528114,,,
"2/3/2025, 9:47:14 AM",BTC,94079.0,94080.0,94081.0,94082.0,94085.0,94086.0,94087.0,94088.0,94090.0,94091.0,0.3422,0.25997,2.52146,0.1969,0.231,0.63,0.861,0.15515,0.18843,0.7982,0.3422,0.6022,3.1236,3.3205,3.5515,4.1815,5.0425,5.1977,5.3861,6.1843,94078.0,94076.0,94075.0,94074.0,94072.0,94071.0,94068.0,94063.0,94061.0,94060.0,0.45,2.96865,1.7729,2.40363,0.31934,0.53151,1.19257,0.21223,0.54207,0.03173,0.4500,3.4186,5.1915,7.5952,7.9145,8.4460,9.6386,9.8508,10.3929,10.4246,94072.0,94009.0,0.0000189,9760.298,4655036642.07528114,,,
"2/3/2025, 9:47:14 AM",BTC,94079.0,94080.0,94081.0,94083.0,94085.0,94087.0,94088.0,94089.0,94090.0,94091.0,1.02798,0.22535,2.16704,0.15933,1.16853,0.861,0.15515,9.75753,0.23443,0.7982,1.0280,1.2533,3.4204,3.5797,4.7482,5.6092,5.7644,15.5219,15.7563,16.5545,94078.0,94076.0,94075.0,94074.0,94073.0,94072.0,94071.0,94063.0,94061.0,94060.0,2.7796,2.191,1.7729,1.4052,0.03,0.31934,0.53151,0.21223,0.54207,0.03173,2.7796,4.9706,6.7435,8.1487,8.1787,8.4980,9.0296,9.2418,9.7839,9.8156,94064.0,94000.0,0.00001901,9760.29584,4655036743.55316067,,,
"2/3/2025, 9:47:15 AM",BTC,,,,,,,,,,,,,,,,,,,,,,,,,,,,,,,,,,,,,,,,,,,,,,,,,,,,,,,,,,,,,,,,,,Buy (Bid),94079.0,0.00108
"2/3/2025, 9:47:15 AM",BTC,94079.0,94080.0,94081.0,94083.0,94084.0,94085.0,94087.0,94088.0,94089.0,94090.0,8.38172,0.37105,2.16704,0.19996,0.20848,1.16853,1.6592,0.15515,12.55624,0.26743,8.3817,8.7528,10.9198,11.1198,11.3283,12.4968,14.1560,14.3111,26.8674,27.1348,94078.0,94076.0,94075.0,94073.0,94072.0,94071.0,94065.0,94061.0,94060.0,94059.0,0.45,0.45,0.0319,0.03,1.51191,0.53151,0.861,0.53156,0.03173,0.88,0.4500,0.9000,0.9319,0.9619,2.4738,3.0053,3.8663,4.3979,4.4296,5.3096,94064.0,94000.0,0.00001901,9760.29584,4655036743.55316067,,,
"2/3/2025, 9:47:15 AM",BTC,94076.0,94077.0,94079.0,94080.0,94081.0,94082.0,94083.0,94084.0,94085.0,94086.0,1.45957,0.61734,7.08682,0.38205,2.16704,0.7982,0.19996,0.20848,1.4676,0.02233,1.4596,2.0769,9.1637,9.5458,11.7128,12.5110,12.7110,12.9195,14.3871,14.4094,94075.0,94072.0,94068.0,94067.0,94065.0,94063.0,94061.0,94059.0,94058.0,94055.0,0.0319,0.31934,0.03,1.19257,0.63,0.45,0.53156,0.88,0.21267,0.21223,0.0319,0.3512,0.3812,1.5738,2.2038,2.6538,3.1854,4.0654,4.2780,4.4903,94064.0,94000.0,0.00001901,9760.29584,4655036743.55316067,,,
"2/3/2025, 9:47:16 AM",BTC,,,,,,,,,,,,,,,,,,,,,,,,,,,,,,,,,,,,,,,,,,,,,,,,,,,,,,,,,,,,,,,,,,Sell (Ask),94075.0,0.006
"2/3/2025, 9:47:16 AM",BTC,94076.0,94077.0,94078.0,94079.0,94080.0,94081.0,94084.0,94085.0,94086.0,94087.0,2.11282,0.7982,0.1704,1.18249,7.50569,2.93607,0.20848,1.4676,0.02233,0.861,2.1128,2.9110,3.0814,4.2639,11.7696,14.7057,14.9142,16.3818,16.4041,17.2651,94075.0,94072.0,94068.0,94067.0,94063.0,94061.0,94059.0,94058.0,94055.0,94052.0,0.0319,0.31934,0.03,1.19257,0.45,0.53156,0.88,0.21267,0.21223,0.31934,0.0319,0.3512,0.3812,1.5738,2.0238,2.5554,3.4354,3.6480,3.8603,4.1796,94064.0,94000.0,0.00001901,9760.29584,4655037871.08516026,,,
"2/3/2025, 9:47:16 AM",BTC,94076.0,94077.0,94078.0,94079.0,94080.0,94081.0,94084.0,94085.0,94086.0,94087.0,3.06,0.21223,0.32973,1.06799,7.50569,2.89544,0.20848,1.4676,0.97827,1.0579,3.0600,3.2722,3.6020,4.6700,12.1756,15.0711,15.2796,16.7472,17.7254,18.7833,94075.0,94072.0,94068.0,94067.0,94063.0,94061.0,94059.0,94058.0,94055.0,94052.0,0.0199,0.31934,0.03,1.19257,0.45,0.53156,0.88,0.21267,0.21223,0.31934,0.0199,0.3392,0.3692,1.5618,2.0118,2.5434,3.4234,3.6360,3.8483,4.1676,94064.0,94000.0,0.00001901,9759.7836,4655093163.3752203,,,
"2/3/2025, 9:47:17 AM",BTC,,,,,,,,,,,,,,,,,,,,,,,,,,,,,,,,,,,,,,,,,,,,,,,,,,,,,,,,,,,,,,,,,,Sell (Ask),94075.0,0.013
"2/3/2025, 9:47:17 AM",BTC,,,,,,,,,,,,,,,,,,,,,,,,,,,,,,,,,,,,,,,,,,,,,,,,,,,,,,,,,,,,,,,,,,Sell (Ask),94075.0,0.0069
"2/3/2025, 9:47:17 AM",BTC,94068.0,94069.0,94073.0,94076.0,94077.0,94078.0,94079.0,94080.0,94081.0,94084.0,0.08346,0.08346,0.94446,1.76946,3.47354,1.12793,10.76444,7.43566,2.89544,0.20848,0.0835,0.1669,1.1114,2.8808,6.3544,7.4823,18.2467,25.6824,28.5778,28.7863,94067.0,94066.0,94063.0,94061.0,94059.0,94058.0,94055.0,94052.0,94051.0,94050.0,0.97335,0.01,0.45,0.53156,0.88,0.21267,0.21223,0.31934,0.53162,0.03173,0.9734,0.9834,1.4334,1.9649,2.8449,3.0576,3.2698,3.5892,4.1208,4.1525,94064.0,94000.0,0.00001901,9759.7836,4655093163.3752203,,,
"2/3/2025, 9:47:17 AM",BTC,94068.0,94069.0,94073.0,94074.0,94075.0,94076.0,94077.0,94078.0,94079.0,94080.0,0.16153,0.03249,0.63,0.63,0.53149,1.07673,3.47354,0.9686,10.11318,7.37569,0.1615,0.1940,0.8240,1.4540,1.9855,3.0622,6.5358,7.5044,17.6176,24.9932,94067.0,94066.0,94063.0,94061.0,94059.0,94058.0,94057.0,94056.0,94055.0,94052.0,1.75869,0.01,0.45,0.53156,0.88,0.21267,0.63,0.231,0.21223,0.31934,1.7587,1.7687,2.2187,2.7503,3.6303,3.8429,4.4729,4.7039,4.9162,5.2355,94064.0,94000.0,0.00001901,9759.7836,4655093163.3752203,,,
"2/3/2025, 9:47:18 AM",BTC,94068.0,94070.0,94071.0,94072.0,94073.0,94074.0,94075.0,94076.0,94077.0,94078.0,0.23589,0.15935,1.81999,0.15934,0.63,1.05492,0.53149,0.99867,3.47354,0.1704,0.2359,0.3952,2.2152,2.3746,3.0046,4.0595,4.5910,5.5896,9.0632,9.2336,94067.0,94066.0,94063.0,94061.0,94059.0,94058.0,94057.0,94056.0,94052.0,94051.0,2.20869,0.98335,0.45,0.53156,0.88,0.21267,0.63,0.231,0.31934,0.60599,2.2087,3.1920,3.6420,4.1736,5.0536,5.2663,5.8963,6.1273,6.4466,7.0526,94064.0,94000.0,0.00001901,9759.7836,4655093163.3752203,,,
"2/3/2025, 9:47:19 AM",BTC,,,,,,,,,,,,,,,,,,,,,,,,,,,,,,,,,,,,,,,,,,,,,,,,,,,,,,,,,,,,,,,,,,Buy (Bid),94068.0,0.00012
"2/3/2025, 9:47:19 AM",BTC,94068.0,94070.0,94071.0,94072.0,94073.0,94074.0,94075.0,94076.0,94077.0,94078.0,5.57432,0.15935,1.81999,0.15934,0.63,1.23732,0.53149,0.99867,3.47354,0.9686,5.5743,5.7337,7.5537,7.7130,8.3430,9.5803,10.1118,11.1105,14.5840,15.5526,94067.0,94066.0,94063.0,94061.0,94059.0,94058.0,94057.0,94056.0,94052.0,94051.0,2.20869,0.98335,0.45,0.53156,0.88,0.21267,0.63,0.231,0.31934,0.53162,2.2087,3.1920,3.6420,4.1736,5.0536,5.2663,5.8963,6.1273,6.4466,6.9782,94064.0,94000.0,0.00001901,9759.7836,4655093174.65054035,,,
"2/3/2025, 9:47:19 AM",BTC,94068.0,94069.0,94070.0,94071.0,94072.0,94073.0,94074.0,94075.0,94076.0,94077.0,1.12878,0.01,0.15935,1.81999,0.28671,0.63,1.23732,0.53149,0.36867,3.47354,1.1288,1.1388,1.2981,3.1181,3.4048,4.0348,5.2721,5.8036,6.1723,9.6458,94067.0,94065.0,94063.0,94061.0,94059.0,94058.0,94057.0,94056.0,94052.0,94051.0,0.45,0.98335,0.45,0.53156,0.88,0.21267,0.63,0.231,0.31934,0.53162,0.4500,1.4333,1.8833,2.4149,3.2949,3.5076,4.1376,4.3686,4.6879,5.2195,94064.0,94000.0,0.00001901,9759.7836,4655093174.65054035,,,
"2/3/2025, 9:47:20 AM",BTC,,,,,,,,,,,,,,,,,,,,,,,,,,,,,,,,,,,,,,,,,,,,,,,,,,,,,,,,,,,,,,,,,,Sell (Ask),94067.0,0.007
"2/3/2025, 9:47:20 AM",BTC,,,,,,,,,,,,,,,,,,,,,,,,,,,,,,,,,,,,,,,,,,,,,,,,,,,,,,,,,,,,,,,,,,Sell (Ask),94067.0,0.013
"2/3/2025, 9:47:20 AM",BTC,94068.0,94069.0,94072.0,94075.0,94077.0,94078.0,94079.0,94080.0,94081.0,94083.0,0.11535,0.01,0.12737,0.53149,3.26131,2.87037,0.26673,2.20167,3.53431,0.06377,0.1153,0.1253,0.2527,0.7842,4.0455,6.9159,7.1826,9.3843,12.9186,12.9824,94067.0,94066.0,94063.0,94062.0,94059.0,94058.0,94057.0,94056.0,94054.0,94052.0,5.76477,0.97335,0.45,0.01,0.88,0.21267,0.63,0.231,0.21223,0.39371,5.7648,6.7381,7.1881,7.1981,8.0781,8.2908,8.9208,9.1518,9.3640,9.7577,94064.0,94000.0,0.00001904,9759.7836,4655096651.20754051,,,
"2/3/2025, 9:47:20 AM",BTC,94068.0,94075.0,94076.0,94077.0,94079.0,94080.0,94081.0,94083.0,94085.0,94086.0,0.53201,7.2134,0.01,3.33365,0.235,2.20167,2.07785,0.12754,0.8305,0.02233,0.5320,7.7454,7.7554,11.0891,11.3241,13.5257,15.6036,15.7311,16.5616,16.5839,94067.0,94063.0,94062.0,94061.0,94059.0,94058.0,94057.0,94056.0,94055.0,94054.0,8.3055,0.66223,0.01,0.53156,0.88,0.21267,0.63,0.231,0.7,0.21223,8.3055,8.9677,8.9777,9.5093,10.3893,10.6020,11.2320,11.4630,12.1630,12.3752,94067.0,94005.0,0.00001904,9759.7836,4655096651.20754051,,,
"2/3/2025, 9:47:21 AM",BTC,94068.0,94069.0,94071.0,94074.0,94077.0,94079.0,94080.0,94081.0,94083.0,94085.0,0.53201,0.07436,0.15935,0.15934,3.34365,0.6599,2.20167,2.07785,0.12754,0.8305,0.5320,0.6064,0.7657,0.9251,4.2687,4.9286,7.1303,9.2081,9.3357,10.1662,94067.0,94063.0,94062.0,94061.0,94060.0,94059.0,94058.0,94057.0,94056.0,94055.0,8.3055,0.45,0.05063,0.53156,0.03173,0.88,0.21267,0.63,0.231,0.77437,8.3055,8.7555,8.8061,9.3377,9.3694,10.2494,10.4621,11.0921,11.3231,12.0975,94067.0,94005.0,0.00001904,9759.78324,4655096668.12052059,,,
"2/3/2025, 9:47:21 AM",BTC,,,,,,,,,,,,,,,,,,,,,,,,,,,,,,,,,,,,,,,,,,,,,,,,,,,,,,,,,,,,,,,,,,Sell (Ask),94067.0,0.00018
"2/3/2025, 9:47:22 AM",BTC,,,,,,,,,,,,,,,,,,,,,,,,,,,,,,,,,,,,,,,,,,,,,,,,,,,,,,,,,,,,,,,,,,Buy (Bid),94068.0,0.00029
"2/3/2025, 9:47:22 AM",BTC,94068.0,94079.0,94080.0,94081.0,94083.0,94085.0,94086.0,94088.0,94089.0,94090.0,0.53172,0.6599,0.38519,0.07014,0.18817,0.8305,0.02233,2.85497,0.39796,1.25398,0.5317,1.1916,1.5768,1.6469,1.8351,2.6656,2.6879,5.5429,5.9409,7.1949,94067.0,94063.0,94062.0,94061.0,94060.0,94059.0,94058.0,94057.0,94056.0,94054.0,8.41163,0.45,0.05063,0.53156,0.03173,0.88,0.21267,0.63,0.231,0.21223,8.4116,8.8616,8.9123,9.4438,9.4756,10.3556,10.5682,11.1982,11.4292,11.6415,94067.0,94005.0,0.00001904,9759.78324,4655096695.36921024,,,
"2/3/2025, 9:47:22 AM",BTC,,,,,,,,,,,,,,,,,,,,,,,,,,,,,,,,,,,,,,,,,,,,,,,,,,,,,,,,,,,,,,,,,,Buy (Bid),94068.0,0.03172
"2/3/2025, 9:47:22 AM",BTC,,,,,,,,,,,,,,,,,,,,,,,,,,,,,,,,,,,,,,,,,,,,,,,,,,,,,,,,,,,,,,,,,,Buy (Bid),94068.0,0.06378
"2/3/2025, 9:47:22 AM",BTC,94068.0,94079.0,94080.0,94083.0,94085.0,94086.0,94089.0,94090.0,94091.0,94092.0,0.53172,0.235,0.23949,0.18817,0.29907,6.41601,0.50913,0.2487,0.21223,1.06209,0.5317,0.7667,1.0062,1.1944,1.4934,7.9095,8.4186,8.6673,8.8795,9.9416,94067.0,94063.0,94062.0,94061.0,94060.0,94059.0,94058.0,94057.0,94056.0,94055.0,9.4577,0.45,7.32678,0.53156,0.1474,1.10644,0.21267,0.63,2.53601,2.00827,9.4577,9.9077,17.2345,17.7660,17.9134,19.0199,19.2325,19.8625,22.3986,24.4068,94067.0,94005.0,0.00001904,9760.64776,4655143303.78364944,,,
"2/3/2025, 9:47:23 AM",BTC,,,,,,,,,,,,,,,,,,,,,,,,,,,,,,,,,,,,,,,,,,,,,,,,,,,,,,,,,,,,,,,,,,Buy (Bid),94068.0,0.00025
"2/3/2025, 9:47:23 AM",BTC,94068.0,94079.0,94080.0,94083.0,94085.0,94086.0,94089.0,94090.0,94091.0,94092.0,0.03543,0.235,0.23949,5.65913,0.29907,6.41601,0.13751,0.2487,0.21223,1.86029,0.0354,0.2704,0.5099,6.1691,6.4681,12.8841,13.0216,13.2703,13.4826,15.3429,94067.0,94063.0,94062.0,94061.0,94060.0,94059.0,94058.0,94057.0,94056.0,94055.0,9.98948,0.66223,0.75063,12.65182,0.34654,0.9073,0.21267,0.78937,2.53601,2.00827,9.9895,10.6517,11.4023,24.0542,24.4007,25.3080,25.5207,26.3100,28.8461,30.8543,94067.0,94005.0,0.00001904,9760.64902,4655143570.63288975,,,
"2/3/2025, 9:47:23 AM",BTC,,,,,,,,,,,,,,,,,,,,,,,,,,,,,,,,,,,,,,,,,,,,,,,,,,,,,,,,,,,,,,,,,,Buy (Bid),94068.0,0.00013
"2/3/2025, 9:47:23 AM",BTC,,,,,,,,,,,,,,,,,,,,,,,,,,,,,,,,,,,,,,,,,,,,,,,,,,,,,,,,,,,,,,,,,,Buy (Bid),94068.0,0.00012
"2/3/2025, 9:47:23 AM",BTC,,,,,,,,,,,,,,,,,,,,,,,,,,,,,,,,,,,,,,,,,,,,,,,,,,,,,,,,,,,,,,,,,,Buy (Bid),94068.0,0.00016
"2/3/2025, 9:47:23 AM",BTC,94068.0,94079.0,94080.0,94083.0,94085.0,94086.0,94089.0,94090.0,94091.0,94092.0,0.07142,0.235,0.23949,5.65913,0.29907,6.41601,0.13751,0.2487,0.21223,1.86029,0.0714,0.3064,0.5459,6.2050,6.5041,12.9201,13.0576,13.3063,13.5186,15.3788,94067.0,94063.0,94062.0,94061.0,94060.0,94059.0,94058.0,94057.0,94056.0,94055.0,9.97984,0.45,0.05063,0.53156,0.34654,0.9073,0.21267,0.63,2.53601,2.00827,9.9798,10.4298,10.4805,11.0120,11.3586,12.2659,12.4785,13.1085,15.6445,17.6528,94068.0,94013.0,0.00001904,9760.64902,4655143630.76793003,,,
"2/3/2025, 9:47:24 AM",BTC,94068.0,94076.0,94077.0,94078.0,94079.0,94080.0,94081.0,94082.0,94083.0,94085.0,0.11694,0.20928,2.33087,0.01,0.235,0.23949,6.53268,0.21223,6.52013,0.89205,0.1169,0.3262,2.6571,2.6671,2.9021,3.1416,9.6743,9.8865,16.4066,17.2987,94067.0,94065.0,94063.0,94062.0,94061.0,94060.0,94059.0,94058.0,94057.0,94056.0,5.13991,0.7,0.45,0.01,0.53156,0.03173,1.10644,6.62693,0.63,0.76313,5.1399,5.8399,6.2899,6.2999,6.8315,6.8632,7.9696,14.5966,15.2266,15.9897,94068.0,94013.0,0.00001904,9760.64902,4655143630.76793003,,,
"2/3/2025, 9:47:24 AM",BTC,,,,,,,,,,,,,,,,,,,,,,,,,,,,,,,,,,,,,,,,,,,,,,,,,,,,,,,,,,,,,,,,,,Buy (Bid),94068.0,0.00018
"2/3/2025, 9:47:24 AM",BTC,94068.0,94072.0,94074.0,94076.0,94078.0,94079.0,94080.0,94081.0,94083.0,94085.0,0.11305,0.15934,0.15934,0.20928,0.4249,0.235,0.23949,0.06654,0.98854,1.10428,0.1130,0.2724,0.4317,0.6410,1.0659,1.3009,1.5404,1.6069,2.5955,3.6998,94067.0,94065.0,94063.0,94062.0,94061.0,94060.0,94059.0,94057.0,94056.0,94055.0,7.78381,0.95327,0.45,0.01,0.53156,0.24396,0.98167,0.63,7.48173,0.19914,7.7838,8.7371,9.1871,9.1971,9.7286,9.9726,10.9543,11.5843,19.0660,19.2651,94068.0,94013.0,0.000019,9760.64902,4655143647.68091011,,,
"2/3/2025, 9:47:25 AM",BTC,,,,,,,,,,,,,,,,,,,,,,,,,,,,,,,,,,,,,,,,,,,,,,,,,,,,,,,,,,,,,,,,,,Buy (Bid),94068.0,0.00016
"2/3/2025, 9:47:25 AM",BTC,,,,,,,,,,,,,,,,,,,,,,,,,,,,,,,,,,,,,,,,,,,,,,,,,,,,,,,,,,,,,,,,,,Buy (Bid),94068.0,0.00016
"2/3/2025, 9:47:25 AM",BTC,,,,,,,,,,,,,,,,,,,,,,,,,,,,,,,,,,,,,,,,,,,,,,,,,,,,,,,,,,,,,,,,,,Buy (Bid),94068.0,0.00016
"2/3/2025, 9:47:25 AM",BTC,94068.0,94070.0,94072.0,94074.0,94076.0,94079.0,94080.0,94081.0,94083.0,94084.0,0.11227,0.15935,0.15934,0.15934,0.20928,0.235,0.23949,0.06654,4.22403,2.28723,0.1123,0.2716,0.4310,0.5903,0.7996,1.0346,1.2741,1.3406,5.5646,7.8519,94067.0,94065.0,94063.0,94062.0,94061.0,94060.0,94059.0,94057.0,94056.0,94055.0,7.78381,1.11763,0.45,0.01,7.04392,3.49609,0.9073,0.63,7.39673,0.35851,7.7838,8.9014,9.3514,9.3614,16.4054,19.9014,20.8087,21.4387,28.8355,29.1940,94068.0,94013.0,0.000019,9760.64994,4655143891.97951031,,,
"2/3/2025, 9:47:25 AM",BTC,94068.0,94070.0,94072.0,94074.0,94076.0,94079.0,94080.0,94081.0,94083.0,94084.0,0.11045,0.15935,0.15934,0.15934,0.20928,0.235,0.23949,0.06654,4.22403,2.49946,0.1105,0.2698,0.4291,0.5885,0.7978,1.0328,1.2723,1.3388,5.5628,8.0623,94067.0,94065.0,94063.0,94062.0,94061.0,94060.0,94059.0,94058.0,94057.0,94056.0,8.12399,1.73859,0.45,0.01,7.04392,3.49609,0.9073,2.35959,0.63,7.5215,8.1240,9.8626,10.3126,10.3226,17.3665,20.8626,21.7699,24.1295,24.7595,32.2810,94068.0,94013.0,0.000019,9760.64994,4655143891.97951031,,,
"2/3/2025, 9:47:26 AM",BTC,,,,,,,,,,,,,,,,,,,,,,,,,,,,,,,,,,,,,,,,,,,,,,,,,,,,,,,,,,,,,,,,,,Buy (Bid),94068.0,0.03609
"2/3/2025, 9:47:26 AM",BTC,,,,,,,,,,,,,,,,,,,,,,,,,,,,,,,,,,,,,,,,,,,,,,,,,,,,,,,,,,,,,,,,,,Buy (Bid),94072.0,0.15934
"2/3/2025, 9:47:26 AM",BTC,94072.0,94074.0,94076.0,94079.0,94080.0,94083.0,94084.0,94085.0,94086.0,94090.0,0.15934,0.15934,0.20928,0.235,1.1955,4.22403,2.28723,0.27378,7.43414,0.2247,0.1593,0.3187,0.5280,0.7630,1.9585,6.1825,8.4697,8.7435,16.1776,16.4023,94067.0,94065.0,94063.0,94062.0,94061.0,94060.0,94059.0,94058.0,94057.0,94056.0,9.32227,0.95327,0.45,0.01,7.04392,3.46436,1.10644,2.35959,0.63,7.32236,9.3223,10.2755,10.7255,10.7355,17.7795,21.2438,22.3503,24.7098,25.3398,32.6622,94068.0,94013.0,0.000019,9760.72754,4655357164.65731049,,,
"2/3/2025, 9:47:26 AM",BTC,94084.0,94085.0,94086.0,94090.0,94093.0,94094.0,94095.0,94096.0,94097.0,94099.0,0.861,0.06155,7.43414,0.2247,2.63746,0.231,0.53137,9.95746,2.85924,1.01043,0.8610,0.9225,8.3567,8.5814,11.2188,11.4498,11.9812,21.9387,24.7979,25.8083,94083.0,94077.0,94075.0,94074.0,94073.0,94072.0,94071.0,94070.0,94069.0,94068.0,1.22017,0.63,0.64634,0.231,2.28883,0.45,9.07511,0.53152,1.65756,0.98034,1.2202,1.8502,2.4965,2.7275,5.0163,5.4663,14.5415,15.0730,16.7305,17.7109,94068.0,94013.0,0.000019,9760.72754,4655357164.65731049,,,
"2/3/2025, 9:47:28 AM",BTC,,,,,,,,,,,,,,,,,,,,,,,,,,,,,,,,,,,,,,,,,,,,,,,,,,,,,,,,,,,,,,,,,,Sell (Ask),94084.0,0.00016
"2/3/2025, 9:47:27 AM",BTC,94085.0,94086.0,94087.0,94089.0,94090.0,94091.0,94093.0,94094.0,94095.0,94096.0,0.07155,0.22151,0.15932,0.42485,0.2247,1.06211,2.63746,0.231,0.53137,0.19423,0.0716,0.2931,0.4524,0.8772,1.1019,2.1640,4.8015,5.0325,5.5639,5.7581,94084.0,94083.0,94081.0,94079.0,94078.0,94077.0,94076.0,94073.0,94072.0,94071.0,0.22964,5.20544,0.01,0.861,0.861,0.21223,0.231,0.88,0.45,3.10169,0.2296,5.4351,5.4451,6.3061,7.1671,7.3793,7.6103,8.4903,8.9403,12.0420,94071.0,94012.0,0.000019,9760.72946,4655357269.89363003,,,
